<?xml version="1.0" encoding="UTF-8"?>
<!DOCTYPE html PUBLIC "-//W3C//DTD XHTML 1.0 Transitional//EN"
    "http://www.w3.org/TR/xhtml1/DTD/xhtml1-transitional.dtd">
<html xmlns="http://www.w3.org/1999/xhtml" xml:lang="en" lang="en">
 <head>
  <title>
</title>
<meta http-equiv="Content-Type" content="text/html;charset=utf-8" />
  <meta name='ocr-system' content='tesseract 3.04.00' />
  <meta name='ocr-capabilities' content='ocr_page ocr_carea ocr_par ocr_line ocrx_word'/>
</head>
<body>
  <div class='ocr_page' id='page_1' title='image "./publiliisyrisent00publuoft_0048.png"; bbox 0 0 1956 3308; ppageno 0'>
   <div class='ocr_carea' id='block_1_1' title="bbox 323 241 1247 281">
    <p class='ocr_par' dir='ltr' id='par_1_1' title="bbox 323 241 1247 281">
     <span class='ocr_line' id='line_1_1' title="bbox 323 241 1247 281; baseline -0.004 0"><span class='ocrx_word' id='word_1_1' title='bbox 323 241 378 281; x_wconf 82' lang='lat'><strong>42</strong></span> <span class='ocrx_word' id='word_1_2' title='bbox 890 247 1247 279; x_wconf 65' lang='lat' dir='ltr'><strong>monueonnm.</strong></span> 
     </span>
    </p>
   </div>
   <div class='ocr_carea' id='block_1_2' title="bbox 267 345 1813 800">
    <p class='ocr_par' dir='ltr' id='par_1_2' title="bbox 267 345 1809 473">
     <span class='ocr_line' id='line_1_2' title="bbox 323 345 1809 392; baseline -0.001 -1"><span class='ocrx_word' id='word_1_3' title='bbox 323 350 460 391; x_wconf 84' lang='lat' dir='ltr'><strong>suisse</strong></span> <span class='ocrx_word' id='word_1_4' title='bbox 497 350 803 392; x_wconf 80' lang='lat' dir='ltr'><strong>existimarent.</strong></span> <span class='ocrx_word' id='word_1_5' title='bbox 862 347 930 390; x_wconf 79' lang='lat' dir='ltr'><strong>Of.</strong></span> <span class='ocrx_word' id='word_1_6' title='bbox 962 346 1169 388; x_wconf 88' lang='lat' dir='ltr'><strong>Baehrius</strong></span> <span class='ocrx_word' id='word_1_7' title='bbox 1206 346 1303 387; x_wconf 89' lang='lat' dir='ltr'><strong>hist.</strong></span> <span class='ocrx_word' id='word_1_8' title='bbox 1340 346 1422 388; x_wconf 81' lang='lat' dir='ltr'><strong>litt.</strong></span> <span class='ocrx_word' id='word_1_9' title='bbox 1452 346 1631 388; x_wconf 82' lang='lat' dir='ltr'><strong>Roman.</strong></span> <span class='ocrx_word' id='word_1_10' title='bbox 1660 345 1744 392; x_wconf 83' lang='lat' dir='ltr'><strong>vol.</strong></span> <span class='ocrx_word' id='word_1_11' title='bbox 1774 347 1809 390; x_wconf 87' lang='lat' dir='ltr'><strong>I.</strong></span> 
     </span>
     <span class='ocr_line' id='line_1_3' title="bbox 267 406 1354 473; baseline -0.005 -16"><span class='ocrx_word' id='word_1_12' title='bbox 267 406 274 413; x_wconf 56' lang='lat'><em>⁷</em></span> <span class='ocrx_word' id='word_1_13' title='bbox 308 431 394 473; x_wconf 63' lang='lat' dir='ltr'><strong>xpg.</strong></span> <span class='ocrx_word' id='word_1_14' title='bbox 425 417 508 459; x_wconf 82' lang='lat'><strong>330</strong></span> <span class='ocrx_word' id='word_1_15' title='bbox 536 421 645 457; x_wconf 86' lang='lat' dir='ltr'><strong>extr.</strong></span> <span class='ocrx_word' id='word_1_16' title='bbox 675 414 742 456; x_wconf 92' lang='lat' dir='ltr'><strong>cd.</strong></span> <span class='ocrx_word' id='word_1_17' title='bbox 774 414 850 456; x_wconf 87' lang='lat' dir='ltr'><strong>IV.</strong></span> <span class='ocrx_word' id='word_1_18' title='bbox 909 411 1037 455; x_wconf 86' lang='lat' dir='ltr'><strong>Falso</strong></span> <span class='ocrx_word' id='word_1_19' title='bbox 1067 412 1180 454; x_wconf 88' lang='lat' dir='ltr'><strong>haud</strong></span> <span class='ocrx_word' id='word_1_20' title='bbox 1210 412 1354 453; x_wconf 91' lang='lat' dir='ltr'><strong>dubie.</strong></span> 
     </span>
    </p>

    <p class='ocr_par' dir='ltr' id='par_1_3' title="bbox 323 478 1813 800">
     <span class='ocr_line' id='line_1_4' title="bbox 434 478 1810 537; baseline -0.001 -13"><span class='ocrx_word' id='word_1_21' title='bbox 434 482 517 525; x_wconf 87' lang='lat' dir='ltr'><strong>Sed</strong></span> <span class='ocrx_word' id='word_1_22' title='bbox 548 495 655 537; x_wconf 87' lang='lat' dir='ltr'><strong>quae</strong></span> <span class='ocrx_word' id='word_1_23' title='bbox 683 480 822 522; x_wconf 85' lang='lat' dir='ltr'><strong>adhue</strong></span> <span class='ocrx_word' id='word_1_24' title='bbox 851 479 1184 535; x_wconf 78' lang='lat' dir='ltr'><strong>disputavimus,</strong></span> <span class='ocrx_word' id='word_1_25' title='bbox 1215 478 1363 520; x_wconf 83' lang='lat' dir='ltr'><strong>harum</strong></span> <span class='ocrx_word' id='word_1_26' title='bbox 1401 479 1706 522; x_wconf 87' lang='lat' dir='ltr'><strong>sententiarum</strong></span> <span class='ocrx_word' id='word_1_27' title='bbox 1737 493 1810 523; x_wconf 83' lang='lat' dir='ltr'><strong>au·</strong></span> 
     </span>
     <span class='ocr_line' id='line_1_5' title="bbox 323 544 1811 601; baseline -0.001 -12"><span class='ocrx_word' id='word_1_28' title='bbox 323 555 480 590; x_wconf 84' lang='lat' dir='ltr'><strong>ctorem</strong></span> <span class='ocrx_word' id='word_1_29' title='bbox 500 561 593 589; x_wconf 83' lang='lat' dir='ltr'><strong>esse</strong></span> <span class='ocrx_word' id='word_1_30' title='bbox 613 545 842 588; x_wconf 88' lang='lat' dir='ltr'><strong>Publilium</strong></span> <span class='ocrx_word' id='word_1_31' title='bbox 863 559 998 601; x_wconf 83' lang='lat' dir='ltr'><strong>neque</strong></span> <span class='ocrx_word' id='word_1_32' title='bbox 1026 544 1157 586; x_wconf 89' lang='lat' dir='ltr'><strong>alium</strong></span> <span class='ocrx_word' id='word_1_33' title='bbox 1180 558 1434 600; x_wconf 83' lang='lat' dir='ltr'><strong>quemquam</strong></span> <span class='ocrx_word' id='word_1_34' title='bbox 1452 550 1635 601; x_wconf 86' lang='lat' dir='ltr'><strong>poetam,</strong></span> <span class='ocrx_word' id='word_1_35' title='bbox 1655 545 1701 587; x_wconf 90' lang='lat' dir='ltr'><strong>in</strong></span> <span class='ocrx_word' id='word_1_36' title='bbox 1718 547 1811 588; x_wconf 87' lang='lat' dir='ltr'><strong>uni·</strong></span> 
     </span>
     <span class='ocr_line' id='line_1_6' title="bbox 324 609 1812 667; baseline 0 -12"><span class='ocrx_word' id='word_1_37' title='bbox 324 628 492 655; x_wconf 84' lang='lat' dir='ltr'><strong>versum</strong></span> <span class='ocrx_word' id='word_1_38' title='bbox 529 613 645 654; x_wconf 90' lang='lat' dir='ltr'><strong>dicta</strong></span> <span class='ocrx_word' id='word_1_39' title='bbox 680 610 874 665; x_wconf 89' lang='lat' dir='ltr'><strong>valeant,</strong></span> <span class='ocrx_word' id='word_1_40' title='bbox 914 626 1000 654; x_wconf 92' lang='lat' dir='ltr'><strong>non</strong></span> <span class='ocrx_word' id='word_1_41' title='bbox 1035 611 1115 664; x_wconf 88' lang='lat' dir='ltr'><strong>ita,</strong></span> <span class='ocrx_word' id='word_1_42' title='bbox 1153 611 1275 667; x_wconf 83' lang='lat' dir='ltr'><strong>quasi</strong></span> <span class='ocrx_word' id='word_1_43' title='bbox 1311 609 1429 652; x_wconf 87' lang='lat' dir='ltr'><strong>nulla</strong></span> <span class='ocrx_word' id='word_1_44' title='bbox 1458 610 1583 653; x_wconf 86' lang='lat' dir='ltr'><strong>detur</strong></span> <span class='ocrx_word' id='word_1_45' title='bbox 1611 625 1637 652; x_wconf 86' lang='lat' dir='ltr'><strong>a</strong></span> <span class='ocrx_word' id='word_1_46' title='bbox 1664 612 1812 667; x_wconf 78' lang='lat' dir='ltr'><strong>regula</strong></span> 
     </span>
     <span class='ocr_line' id='line_1_7' title="bbox 324 677 1812 736; baseline -0.001 -15"><span class='ocrx_word' id='word_1_47' title='bbox 324 681 530 736; x_wconf 80' lang='lat' dir='ltr'><strong>exceptio.</strong></span> <span class='ocrx_word' id='word_1_48' title='bbox 589 679 738 734; x_wconf 81' lang='lat' dir='ltr'><strong>Neque</strong></span> <span class='ocrx_word' id='word_1_49' title='bbox 767 678 901 731; x_wconf 87' lang='lat' dir='ltr'><strong>enim,</strong></span> <span class='ocrx_word' id='word_1_50' title='bbox 937 678 1011 733; x_wconf 89' lang='lat' dir='ltr'><strong>qui</strong></span> <span class='ocrx_word' id='word_1_51' title='bbox 1040 683 1239 733; x_wconf 90' lang='lat' dir='ltr'><strong>quattuor</strong></span> <span class='ocrx_word' id='word_1_52' title='bbox 1267 677 1479 719; x_wconf 88' lang='lat' dir='ltr'><strong>orationes</strong></span> <span class='ocrx_word' id='word_1_53' title='bbox 1508 677 1555 720; x_wconf 88' lang='lat' dir='ltr'><strong>in</strong></span> <span class='ocrx_word' id='word_1_54' title='bbox 1583 677 1812 720; x_wconf 80' lang='lat' dir='ltr'><strong>Catilinam</strong></span> 
     </span>
     <span class='ocr_line' id='line_1_8' title="bbox 323 742 1813 800; baseline 0 -13"><span class='ocrx_word' id='word_1_55' title='bbox 323 746 490 788; x_wconf 87' lang='lat' dir='ltr'><strong>habitas</strong></span> <span class='ocrx_word' id='word_1_56' title='bbox 520 744 737 787; x_wconf 80' lang='lat' dir='ltr'><strong>Ciceronis</strong></span> <span class='ocrx_word' id='word_1_57' title='bbox 767 759 859 786; x_wconf 88' lang='lat' dir='ltr'><strong>esse</strong></span> <span class='ocrx_word' id='word_1_58' title='bbox 889 744 1128 797; x_wconf 80' lang='lat' dir='ltr'><strong>contendit,</strong></span> <span class='ocrx_word' id='word_1_59' title='bbox 1168 742 1337 798; x_wconf 84' lang='lat' dir='ltr'><strong>singula</strong></span> <span class='ocrx_word' id='word_1_60' title='bbox 1366 743 1575 800; x_wconf 85' lang='lat' dir='ltr'><strong>quaedam</strong></span> <span class='ocrx_word' id='word_1_61' title='bbox 1603 743 1813 787; x_wconf 85' lang='lat' dir='ltr'><strong>vocabula</strong></span> 
     </span>
    </p>
   </div>
   <div class='ocr_carea' id='block_1_3' title="bbox 323 807 1842 868">
    <p class='ocr_par' dir='ltr' id='par_1_4' title="bbox 323 803 1949 868">
     <span class='ocr_line' id='line_1_9' title="bbox 323 807 1842 868; baseline 0 -15"><span class='ocrx_word' id='word_1_62' title='bbox 323 811 393 853; x_wconf 77' lang='lat' dir='ltr'><strong>vel</strong></span> <span class='ocrx_word' id='word_1_63' title='bbox 422 812 639 853; x_wconf 87' lang='lat' dir='ltr'><strong>enuntiata</strong></span> <span class='ocrx_word' id='word_1_64' title='bbox 665 810 721 852; x_wconf 92' lang='lat' dir='ltr'><strong>ab</strong></span> <span class='ocrx_word' id='word_1_65' title='bbox 750 809 1125 867; x_wconf 89' lang='lat' dir='ltr'><strong>interpolatoribus</strong></span> <span class='ocrx_word' id='word_1_66' title='bbox 1154 807 1308 851; x_wconf 70' lang='lat' dir='ltr'><strong>addita&#39;</strong></span> <span class='ocrx_word' id='word_1_67' title='bbox 1332 823 1424 851; x_wconf 87' lang='lat' dir='ltr'><strong>esse</strong></span> <span class='ocrx_word' id='word_1_68' title='bbox 1446 810 1641 865; x_wconf 80' lang='lat' dir='ltr'><strong>negabit,</strong></span> <span class='ocrx_word' id='word_1_69' title='bbox 1671 825 1810 868; x_wconf 90' lang='lat' dir='ltr'><strong>neque</strong></span> <span class='ocrx_word' id='word_1_70' title='bbox 1840 823 1842 827; x_wconf 77' lang='grc'>’</span> 
     </span>
    </p>
   </div>
   <div class='ocr_carea' id='block_1_4' title="bbox 321 871 1815 1865">
    <p class='ocr_par' dir='ltr' id='par_1_5' title="bbox 322 871 1815 1265">
     <span class='ocr_line' id='line_1_10' title="bbox 324 871 1811 935; baseline -0.001 -15"><span class='ocrx_word' id='word_1_71' title='bbox 324 893 401 934; x_wconf 85' lang='lat' dir='ltr'><strong>ego</strong></span> <span class='ocrx_word' id='word_1_72' title='bbox 430 871 585 935; x_wconf 83' lang='lat' dir='ltr'><strong>paucas</strong></span> <span class='ocrx_word' id='word_1_73' title='bbox 615 877 817 934; x_wconf 86' lang='lat' dir='ltr'><strong>quasdam</strong></span> <span class='ocrx_word' id='word_1_74' title='bbox 850 876 1083 918; x_wconf 86' lang='lat' dir='ltr'><strong>sententias</strong></span> <span class='ocrx_word' id='word_1_75' title='bbox 1111 890 1197 918; x_wconf 91' lang='lat' dir='ltr'><strong>non</strong></span> <span class='ocrx_word' id='word_1_76' title='bbox 1227 889 1320 918; x_wconf 89' lang='lat' dir='ltr'><strong>esse</strong></span> <span class='ocrx_word' id='word_1_77' title='bbox 1340 875 1517 918; x_wconf 91' lang='lat' dir='ltr'><strong>Publilii</strong></span> <span class='ocrx_word' id='word_1_78' title='bbox 1545 877 1702 919; x_wconf 87' lang='lat' dir='ltr'><strong>infitias</strong></span> <span class='ocrx_word' id='word_1_79' title='bbox 1723 877 1811 919; x_wconf 88' lang='lat' dir='ltr'><strong>ive-</strong></span> 
     </span>
     <span class='ocr_line' id='line_1_11' title="bbox 322 942 1811 998; baseline 0 -12"><span class='ocrx_word' id='word_1_80' title='bbox 322 946 415 986; x_wconf 85' lang='lat' dir='ltr'><strong>rim.</strong></span> <span class='ocrx_word' id='word_1_81' title='bbox 474 942 798 986; x_wconf 87' lang='lat' dir='ltr'><strong>Abiudicandus</strong></span> <span class='ocrx_word' id='word_1_82' title='bbox 820 942 1004 984; x_wconf 90' lang='lat' dir='ltr'><strong>Publilio</strong></span> <span class='ocrx_word' id='word_1_83' title='bbox 1029 956 1178 984; x_wconf 87' lang='lat' dir='ltr'><strong>versus</strong></span> <span class='ocrx_word' id='word_1_84' title='bbox 1197 942 1294 996; x_wconf 83' lang='lat'><strong>213,</strong></span> <span class='ocrx_word' id='word_1_85' title='bbox 1325 943 1504 984; x_wconf 89' lang='lat' dir='ltr'><strong>omissus</strong></span> <span class='ocrx_word' id='word_1_86' title='bbox 1525 943 1571 984; x_wconf 93' lang='lat' dir='ltr'><strong>in</strong></span> <span class='ocrx_word' id='word_1_87' title='bbox 1590 943 1736 985; x_wconf 90' lang='lat' dir='ltr'><strong>codice</strong></span> <span class='ocrx_word' id='word_1_88' title='bbox 1756 943 1811 998; x_wconf 88' lang='lat' dir='ltr'><strong>R,</strong></span> 
     </span>
     <span class='ocr_line' id='line_1_12' title="bbox 323 1007 1811 1067; baseline 0 -15"><span class='ocrx_word' id='word_1_89' title='bbox 323 1018 364 1052; x_wconf 89' lang='lat' dir='ltr'><strong>et</strong></span> <span class='ocrx_word' id='word_1_90' title='bbox 393 1010 506 1067; x_wconf 88' lang='lat' dir='ltr'><strong>quod</strong></span> <span class='ocrx_word' id='word_1_91' title='bbox 536 1010 845 1052; x_wconf 87' lang='lat' dir='ltr'><strong>dubitationem</strong></span> <span class='ocrx_word' id='word_1_92' title='bbox 873 1015 1014 1065; x_wconf 88' lang='lat' dir='ltr'><strong>auget,</strong></span> <span class='ocrx_word' id='word_1_93' title='bbox 1043 1009 1127 1050; x_wconf 92' lang='lat' dir='ltr'><strong>alio</strong></span> <span class='ocrx_word' id='word_1_94' title='bbox 1156 1007 1247 1051; x_wconf 89' lang='lat' dir='ltr'><strong>loco</strong></span> <span class='ocrx_word' id='word_1_95' title='bbox 1276 1009 1323 1050; x_wconf 90' lang='lat' dir='ltr'><strong>in</strong></span> <span class='ocrx_word' id='word_1_96' title='bbox 1352 1008 1446 1061; x_wconf 85' lang='lat' dir='ltr'><strong>PB,</strong></span> <span class='ocrx_word' id='word_1_97' title='bbox 1477 1008 1560 1051; x_wconf 89' lang='lat' dir='ltr'><strong>alio</strong></span> <span class='ocrx_word' id='word_1_98' title='bbox 1589 1010 1636 1051; x_wconf 91' lang='lat' dir='ltr'><strong>in</strong></span> <span class='ocrx_word' id='word_1_99' title='bbox 1659 1009 1705 1052; x_wconf 83' lang='lat' dir='ltr'><em>F</em></span> <span class='ocrx_word' id='word_1_100' title='bbox 1728 1016 1811 1062; x_wconf 77' lang='lat' dir='ltr'><strong>tra-</strong></span> 
     </span>
     <span class='ocr_line' id='line_1_13' title="bbox 323 1075 1815 1131; baseline 0.001 -13"><span class='ocrx_word' id='word_1_101' title='bbox 323 1077 458 1131; x_wconf 83' lang='lat' dir='ltr'><strong>ditus3</strong></span> <span class='ocrx_word' id='word_1_102' title='bbox 488 1092 573 1119; x_wconf 91' lang='lat' dir='ltr'><strong>non</strong></span> <span class='ocrx_word' id='word_1_103' title='bbox 603 1083 666 1118; x_wconf 87' lang='lat' dir='ltr'><strong>est</strong></span> <span class='ocrx_word' id='word_1_104' title='bbox 696 1076 888 1117; x_wconf 85' lang='lat' dir='ltr'><strong>senarius</strong></span> <span class='ocrx_word' id='word_1_105' title='bbox 909 1090 950 1116; x_wconf 91' lang='lat' dir='ltr'><strong>v.</strong></span> <span class='ocrx_word' id='word_1_106' title='bbox 972 1076 1055 1117; x_wconf 91' lang='grc'><strong>200</strong></span> <span class='ocrx_word' id='word_1_107' title='bbox 1085 1075 1267 1118; x_wconf 79' lang='lat' dir='ltr'><strong>Gravior</strong></span> <span class='ocrx_word' id='word_1_108' title='bbox 1295 1079 1353 1118; x_wconf 74' lang='lat' dir='ltr'><strong>est</strong></span> <span class='ocrx_word' id='word_1_109' title='bbox 1379 1077 1588 1131; x_wconf 72' lang='lat' dir='ltr'><strong>inimicus,</strong></span> <span class='ocrx_word' id='word_1_110' title='bbox 1617 1078 1690 1130; x_wconf 80' lang='lat' dir='ltr'><strong>qui</strong></span> <span class='ocrx_word' id='word_1_111' title='bbox 1717 1077 1815 1120; x_wconf 75' lang='lat' dir='ltr'><strong>latet</strong></span> 
     </span>
     <span class='ocr_line' id='line_1_14' title="bbox 324 1141 1812 1199; baseline 0.001 -14"><span class='ocrx_word' id='word_1_112' title='bbox 324 1146 367 1185; x_wconf 78' lang='lat' dir='ltr'><strong>e&#39;n</strong></span> <span class='ocrx_word' id='word_1_113' title='bbox 388 1147 558 1197; x_wconf 76' lang='lat' dir='ltr'><strong>pectore,</strong></span> <span class='ocrx_word' id='word_1_114' title='bbox 590 1142 659 1184; x_wconf 92' lang='lat' dir='ltr'><strong>vel</strong></span> <span class='ocrx_word' id='word_1_115' title='bbox 685 1157 712 1183; x_wconf 89' lang='lat' dir='ltr'><strong>a</strong></span> <span class='ocrx_word' id='word_1_116' title='bbox 741 1156 917 1183; x_wconf 87' lang='lat' dir='ltr'><strong>caesura</strong></span> <span class='ocrx_word' id='word_1_117' title='bbox 945 1141 1223 1195; x_wconf 89' lang='lat' dir='ltr'><strong>damnandus,</strong></span> <span class='ocrx_word' id='word_1_118' title='bbox 1255 1141 1331 1183; x_wconf 91' lang='lat' dir='ltr'><strong>sed</strong></span> <span class='ocrx_word' id='word_1_119' title='bbox 1360 1141 1631 1199; x_wconf 63' lang='lat' dir='ltr'><strong>paraphrasis</strong></span> <span class='ocrx_word' id='word_1_120' title='bbox 1661 1157 1812 1186; x_wconf 84' lang='lat' dir='ltr'><strong>versus</strong></span> 
     </span>
     <span class='ocr_line' id='line_1_15' title="bbox 327 1208 1707 1265; baseline 0.001 -15"><span class='ocrx_word' id='word_1_121' title='bbox 327 1210 424 1263; x_wconf 80' lang='lat'>1983</span> <span class='ocrx_word' id='word_1_122' title='bbox 457 1208 637 1250; x_wconf 81' lang='lat' dir='ltr'><strong>alienam</strong></span> <span class='ocrx_word' id='word_1_123' title='bbox 666 1209 850 1265; x_wconf 90' lang='lat' dir='ltr'><strong>denique</strong></span> <span class='ocrx_word' id='word_1_124' title='bbox 879 1208 1087 1263; x_wconf 86' lang='lat' dir='ltr'><strong>originem</strong></span> <span class='ocrx_word' id='word_1_125' title='bbox 1115 1208 1338 1264; x_wconf 87' lang='lat' dir='ltr'><strong>profitetur</strong></span> <span class='ocrx_word' id='word_1_126' title='bbox 1367 1222 1515 1251; x_wconf 88' lang='lat' dir='ltr'><strong>versus</strong></span> <span class='ocrx_word' id='word_1_127' title='bbox 1546 1210 1640 1252; x_wconf 85' lang='lat'><strong>102.</strong></span> <span class='ocrx_word' id='word_1_128' title='bbox 1706 1227 1707 1230; x_wconf 45' lang='lat'>¹</span> 
     </span>
    </p>

    <p class='ocr_par' dir='ltr' id='par_1_6' title="bbox 323 1273 1813 1598">
     <span class='ocr_line' id='line_1_16' title="bbox 430 1273 1812 1331; baseline 0.002 -15"><span class='ocrx_word' id='word_1_129' title='bbox 430 1276 476 1330; x_wconf 90' lang='grc'><strong>4)</strong></span> <span class='ocrx_word' id='word_1_130' title='bbox 508 1275 719 1327; x_wconf 77' lang='lat' dir='ltr'><strong>Quartum</strong></span> <span class='ocrx_word' id='word_1_131' title='bbox 757 1281 841 1328; x_wconf 91' lang='lat' dir='ltr'><strong>est,</strong></span> <span class='ocrx_word' id='word_1_132' title='bbox 886 1273 932 1316; x_wconf 80' lang='lat' dir='ltr'><strong>ut</strong></span> <span class='ocrx_word' id='word_1_133' title='bbox 970 1289 1220 1331; x_wconf 86' lang='lat' dir='ltr'><strong>quaeramus</strong></span> <span class='ocrx_word' id='word_1_134' title='bbox 1262 1274 1324 1316; x_wconf 92' lang='lat' dir='ltr'><strong>de</strong></span> <span class='ocrx_word' id='word_1_135' title='bbox 1359 1277 1644 1319; x_wconf 84' lang='lat' dir='ltr'><strong>sententiis</strong></span> <span class='ocrx_word' id='word_1_136' title='bbox 1681 1277 1812 1319; x_wconf 88' lang='lat' dir='ltr'><strong>inci-</strong></span> 
     </span>
     <span class='ocr_line' id='line_1_17' title="bbox 323 1341 1813 1398; baseline 0.001 -15"><span class='ocrx_word' id='word_1_137' title='bbox 323 1342 593 1398; x_wconf 87' lang='lat' dir='ltr'><strong>pientibus</strong></span> <span class='ocrx_word' id='word_1_138' title='bbox 637 1357 663 1383; x_wconf 88' lang='lat' dir='ltr'><strong>a</strong></span> <span class='ocrx_word' id='word_1_139' title='bbox 704 1341 906 1383; x_wconf 87' lang='lat' dir='ltr'><strong>litteris</strong></span> <span class='ocrx_word' id='word_1_140' title='bbox 949 1341 1138 1393; x_wconf 83' lang='lat' dir='ltr'><strong>A-M,</strong></span> <span class='ocrx_word' id='word_1_141' title='bbox 1196 1355 1324 1398; x_wconf 90' lang='lat' dir='ltr'><strong>quae</strong></span> <span class='ocrx_word' id='word_1_142' title='bbox 1374 1343 1427 1384; x_wconf 91' lang='lat' dir='ltr'><strong>in</strong></span> <span class='ocrx_word' id='word_1_143' title='bbox 1473 1341 1582 1384; x_wconf 91' lang='lat' dir='ltr'><strong>solo</strong></span> <span class='ocrx_word' id='word_1_144' title='bbox 1631 1342 1813 1385; x_wconf 89' lang='lat' dir='ltr'><strong>codice</strong></span> 
     </span>
     <span class='ocr_line' id='line_1_18' title="bbox 324 1407 1811 1465; baseline 0.003 -17"><span class='ocrx_word' id='word_1_145' title='bbox 324 1408 664 1463; x_wconf 82' lang='lat' dir='ltr'><strong>Frisingensi</strong></span> <span class='ocrx_word' id='word_1_146' title='bbox 694 1414 934 1449; x_wconf 87' lang='lat' dir='ltr'><strong>servatae</strong></span> <span class='ocrx_word' id='word_1_147' title='bbox 963 1414 1104 1461; x_wconf 85' lang='lat' dir='ltr'><strong>sunt,</strong></span> <span class='ocrx_word' id='word_1_148' title='bbox 1137 1408 1164 1449; x_wconf 85' lang='lat' dir='ltr'><strong>i.</strong></span> <span class='ocrx_word' id='word_1_149' title='bbox 1187 1422 1222 1450; x_wconf 88' lang='lat' dir='ltr'><strong>e.</strong></span> <span class='ocrx_word' id='word_1_150' title='bbox 1245 1407 1300 1450; x_wconf 88' lang='lat' dir='ltr'><strong>de</strong></span> <span class='ocrx_word' id='word_1_151' title='bbox 1318 1408 1514 1451; x_wconf 90' lang='lat' dir='ltr'><strong>versibus</strong></span> <span class='ocrx_word' id='word_1_152' title='bbox 1534 1409 1699 1452; x_wconf 85' lang='lat'>35—43</span> <span class='ocrx_word' id='word_1_153' title='bbox 1716 1409 1811 1465; x_wconf 82' lang='lat' dir='ltr'><strong>(A),</strong></span> 
     </span>
     <span class='ocr_line' id='line_1_19' title="bbox 323 1474 1811 1530; baseline 0.001 -14"><span class='ocrx_word' id='word_1_154' title='bbox 323 1475 487 1516; x_wconf 83' lang='lat'>79—84</span> <span class='ocrx_word' id='word_1_155' title='bbox 525 1475 628 1530; x_wconf 88' lang='grc' dir='ltr'>(Β),</span> <span class='ocrx_word' id='word_1_156' title='bbox 669 1474 886 1515; x_wconf 77' lang='grc'><strong>107-122</strong></span> <span class='ocrx_word' id='word_1_157' title='bbox 917 1474 1009 1529; x_wconf 80' lang='grc' dir='ltr'>(Ο),</span> <span class='ocrx_word' id='word_1_158' title='bbox 1057 1474 1275 1516; x_wconf 85' lang='grc'><strong>139-146</strong></span> <span class='ocrx_word' id='word_1_159' title='bbox 1314 1474 1420 1530; x_wconf 86' lang='lat' dir='ltr'><strong>(D),</strong></span> <span class='ocrx_word' id='word_1_160' title='bbox 1460 1475 1677 1518; x_wconf 84' lang='lat'>163—165</span> <span class='ocrx_word' id='word_1_161' title='bbox 1715 1475 1811 1530; x_wconf 85' lang='lat' dir='ltr'><strong>(E),</strong></span> 
     </span>
     <span class='ocr_line' id='line_1_20' title="bbox 326 1540 1811 1598; baseline 0.003 -17.063"><span class='ocrx_word' id='word_1_162' title='bbox 326 1541 401 1581; x_wconf 86' lang='grc'><strong>193</strong></span> <span class='ocrx_word' id='word_1_163' title='bbox 422 1540 515 1595; x_wconf 85' lang='lat' dir='ltr'><strong>(F),</strong></span> <span class='ocrx_word' id='word_1_164' title='bbox 545 1540 765 1582; x_wconf 84' lang='grc'><strong>224-229</strong></span> <span class='ocrx_word' id='word_1_165' title='bbox 796 1540 902 1596; x_wconf 89' lang='grc' dir='ltr'>(Η),</span> <span class='ocrx_word' id='word_1_166' title='bbox 932 1540 1152 1583; x_wconf 86' lang='grc'><strong>265-291</strong></span> <span class='ocrx_word' id='word_1_167' title='bbox 1185 1541 1273 1596; x_wconf 92' lang='grc' dir='ltr'>(Ι),</span> <span class='ocrx_word' id='word_1_168' title='bbox 1303 1541 1522 1584; x_wconf 82' lang='grc'><strong>302-308</strong></span> <span class='ocrx_word' id='word_1_169' title='bbox 1552 1542 1645 1598; x_wconf 87' lang='lat' dir='ltr'><strong>(L),</strong></span> <span class='ocrx_word' id='word_1_170' title='bbox 1674 1542 1811 1584; x_wconf 87' lang='lat'>341-</span> 
     </span>
    </p>

    <p class='ocr_par' dir='ltr' id='par_1_7' title="bbox 321 1672 1811 1865">
     <span class='ocr_line' id='line_1_21' title="bbox 431 1672 1811 1731; baseline 0.003 -17"><span class='ocrx_word' id='word_1_171' title='bbox 431 1672 556 1724; x_wconf 78' lang='lat' dir='ltr'><strong>Quod</strong></span> <span class='ocrx_word' id='word_1_172' title='bbox 585 1673 809 1716; x_wconf 88' lang='lat' dir='ltr'><strong>brevitatis</strong></span> <span class='ocrx_word' id='word_1_173' title='bbox 839 1688 966 1716; x_wconf 88' lang='lat' dir='ltr'><strong>causa</strong></span> <span class='ocrx_word' id='word_1_174' title='bbox 995 1675 1147 1730; x_wconf 84' lang='lat' dir='ltr'><strong>scripsi</strong></span> <span class='ocrx_word' id='word_1_175' title='bbox 1167 1681 1319 1731; x_wconf 87' lang='lat' dir='ltr'><strong>quarto</strong></span> <span class='ocrx_word' id='word_1_176' title='bbox 1339 1676 1644 1717; x_wconf 80' lang='lat' dir='ltr'><strong>sententiarum</strong></span> <span class='ocrx_word' id='word_1_177' title='bbox 1664 1677 1811 1731; x_wconf 85' lang='lat' dir='ltr'><strong>generi</strong></span> 
     </span>
     <span class='ocr_line' id='line_1_22' title="bbox 321 1739 1810 1808; baseline 0.003 -28"><span class='ocrx_word' id='word_1_178' title='bbox 321 1754 446 1780; x_wconf 90' lang='lat' dir='ltr'><strong>unam</strong></span> <span class='ocrx_word' id='word_1_179' title='bbox 484 1754 576 1781; x_wconf 89' lang='lat' dir='ltr'><strong>esse</strong></span> <span class='ocrx_word' id='word_1_180' title='bbox 609 1739 769 1782; x_wconf 90' lang='lat' dir='ltr'><strong>codicis</strong></span> <span class='ocrx_word' id='word_1_181' title='bbox 799 1740 1090 1795; x_wconf 86' lang='lat' dir='ltr'><strong>Frisingensis</strong></span> <span class='ocrx_word' id='word_1_182' title='bbox 1118 1742 1436 1795; x_wconf 86' lang='lat' dir='ltr'><strong>auctoritatem,</strong></span> <span class='ocrx_word' id='word_1_183' title='bbox 1473 1741 1517 1783; x_wconf 84' lang='lat' dir='ltr'><strong>id</strong></span> <span class='ocrx_word' id='word_1_184' title='bbox 1545 1757 1630 1784; x_wconf 92' lang='lat' dir='ltr'><strong>non</strong></span> <span class='ocrx_word' id='word_1_185' title='bbox 1659 1743 1719 1808; x_wconf 80' lang='lat' dir='ltr'><strong>ita</strong></span> <span class='ocrx_word' id='word_1_186' title='bbox 1747 1744 1810 1785; x_wconf 87' lang='lat' dir='ltr'><strong>in-</strong></span> 
     </span>
     <span class='ocr_line' id='line_1_23' title="bbox 321 1800 1810 1865; baseline 0.003 -19"><span class='ocrx_word' id='word_1_187' title='bbox 321 1805 465 1860; x_wconf 81' lang='lat' dir='ltr'><strong>tellegi</strong></span> <span class='ocrx_word' id='word_1_188' title='bbox 494 1805 637 1859; x_wconf 88' lang='lat' dir='ltr'><strong>velim,</strong></span> <span class='ocrx_word' id='word_1_189' title='bbox 668 1808 790 1862; x_wconf 88' lang='lat' dir='ltr'><strong>quasi</strong></span> <span class='ocrx_word' id='word_1_190' title='bbox 818 1821 904 1848; x_wconf 90' lang='lat' dir='ltr'><strong>non</strong></span> <span class='ocrx_word' id='word_1_191' title='bbox 931 1800 1126 1862; x_wconf 86' lang='lat' dir='ltr'><strong>singulae</strong></span> <span class='ocrx_word' id='word_1_192' title='bbox 1155 1807 1322 1863; x_wconf 86' lang='lat' dir='ltr'><strong>aliquae</strong></span> <span class='ocrx_word' id='word_1_193' title='bbox 1349 1809 1394 1849; x_wconf 89' lang='lat' dir='ltr'><strong>in</strong></span> <span class='ocrx_word' id='word_1_194' title='bbox 1422 1807 1518 1850; x_wconf 87' lang='lat' dir='ltr'><strong>aliis</strong></span> <span class='ocrx_word' id='word_1_195' title='bbox 1549 1823 1715 1865; x_wconf 90' lang='lat' dir='ltr'><strong>quoque</strong></span> <span class='ocrx_word' id='word_1_196' title='bbox 1742 1823 1810 1851; x_wconf 90' lang='lat' dir='ltr'><strong>co-</strong></span> 
     </span>
    </p>
   </div>
   <div class='ocr_carea' id='block_1_5' title="bbox 321 1872 1914 1930">
    <p class='ocr_par' dir='ltr' id='par_1_8' title="bbox 321 1872 1922 1930">
     <span class='ocr_line' id='line_1_24' title="bbox 321 1872 1914 1930; baseline 0.002 -17"><span class='ocrx_word' id='word_1_197' title='bbox 321 1872 487 1914; x_wconf 89' lang='lat' dir='ltr'><strong>dicibus</strong></span> <span class='ocrx_word' id='word_1_198' title='bbox 524 1872 706 1914; x_wconf 86' lang='lat' dir='ltr'><strong>traditae</strong></span> <span class='ocrx_word' id='word_1_199' title='bbox 744 1873 854 1915; x_wconf 88' lang='lat' dir='ltr'><strong>sint:</strong></span> <span class='ocrx_word' id='word_1_200' title='bbox 894 1874 1134 1915; x_wconf 85' lang='lat' dir='ltr'><strong>accuratius</strong></span> <span class='ocrx_word' id='word_1_201' title='bbox 1163 1872 1326 1916; x_wconf 85' lang='lat' dir='ltr'><strong>dixeris</strong></span> <span class='ocrx_word' id='word_1_202' title='bbox 1356 1888 1528 1930; x_wconf 87' lang='lat' dir='ltr'><strong>prorsus</strong></span> <span class='ocrx_word' id='word_1_203' title='bbox 1557 1874 1711 1917; x_wconf 90' lang='lat' dir='ltr'><strong>abesse</strong></span> <span class='ocrx_word' id='word_1_204' title='bbox 1739 1889 1810 1917; x_wconf 91' lang='lat' dir='ltr'><strong>eas</strong></span> <span class='ocrx_word' id='word_1_205' title='bbox 1911 1873 1914 1875; x_wconf 57' lang='grc'><strong>’</strong></span> 
     </span>
    </p>
   </div>
   <div class='ocr_carea' id='block_1_6' title="bbox 318 1938 1850 2660">
    <p class='ocr_par' dir='ltr' id='par_1_9' title="bbox 318 1938 1850 2660">
     <span class='ocr_line' id='line_1_25' title="bbox 320 1938 1812 1994; baseline 0.004 -16"><span class='ocrx_word' id='word_1_206' title='bbox 320 1953 346 1978; x_wconf 89' lang='lat' dir='ltr'><strong>a</strong></span> <span class='ocrx_word' id='word_1_207' title='bbox 365 1938 583 1980; x_wconf 88' lang='lat' dir='ltr'><strong>codicibus</strong></span> <span class='ocrx_word' id='word_1_208' title='bbox 607 1938 821 1992; x_wconf 79' lang='lat' dir='ltr'><strong>PRBEG,</strong></span> <span class='ocrx_word' id='word_1_209' title='bbox 841 1939 896 1981; x_wconf 88' lang='lat' dir='ltr'><strong>ab</strong></span> <span class='ocrx_word' id='word_1_210' title='bbox 917 1939 1100 1992; x_wconf 87' lang='lat' dir='ltr'><strong>Erasmi,</strong></span> <span class='ocrx_word' id='word_1_211' title='bbox 1122 1939 1436 1994; x_wconf 87' lang='lat' dir='ltr'><strong>Panthaleonis,</strong></span> <span class='ocrx_word' id='word_1_212' title='bbox 1458 1940 1662 1993; x_wconf 84' lang='lat' dir='ltr'><strong>Fabricii,</strong></span> <span class='ocrx_word' id='word_1_213' title='bbox 1683 1941 1812 1984; x_wconf 88' lang='lat' dir='ltr'><strong>Bent-</strong></span> 
     </span>
     <span class='ocr_line' id='line_1_26' title="bbox 322 2004 1810 2063; baseline 0.003 -18"><span class='ocrx_word' id='word_1_214' title='bbox 322 2004 391 2045; x_wconf 88' lang='lat' dir='ltr'><strong>leii</strong></span> <span class='ocrx_word' id='word_1_215' title='bbox 421 2004 557 2058; x_wconf 87' lang='lat' dir='ltr'><strong>libris,</strong></span> <span class='ocrx_word' id='word_1_216' title='bbox 588 2020 614 2046; x_wconf 90' lang='lat' dir='ltr'><strong>a</strong></span> <span class='ocrx_word' id='word_1_217' title='bbox 642 2005 848 2048; x_wconf 86' lang='lat' dir='ltr'><strong>Palatinis</strong></span> <span class='ocrx_word' id='word_1_218' title='bbox 879 2005 1054 2048; x_wconf 84' lang='lat' dir='ltr'><strong>Gruteri</strong></span> <span class='ocrx_word' id='word_1_219' title='bbox 1084 2012 1264 2063; x_wconf 84' lang='lat' dir='ltr'><strong>excepto</strong></span> <span class='ocrx_word' id='word_1_220' title='bbox 1293 2022 1376 2050; x_wconf 90' lang='lat' dir='ltr'><strong>uno</strong></span> <span class='ocrx_word' id='word_1_221' title='bbox 1406 2007 1479 2063; x_wconf 86' lang='lat' dir='ltr'><strong>(cf.</strong></span> <span class='ocrx_word' id='word_1_222' title='bbox 1503 2006 1559 2048; x_wconf 86' lang='lat' dir='ltr'><strong>ad</strong></span> <span class='ocrx_word' id='word_1_223' title='bbox 1589 2022 1631 2049; x_wconf 90' lang='lat' dir='ltr'><strong>v.</strong></span> <span class='ocrx_word' id='word_1_224' title='bbox 1653 2008 1721 2050; x_wconf 84' lang='lat'><strong>35.</strong></span> <span class='ocrx_word' id='word_1_225' title='bbox 1742 2009 1810 2050; x_wconf 87' lang='grc'><strong>39.</strong></span> 
     </span>
     <span class='ocr_line' id='line_1_27' title="bbox 323 2071 1808 2129; baseline 0.003 -18"><span class='ocrx_word' id='word_1_226' title='bbox 323 2071 412 2112; x_wconf 90' lang='grc'><strong>146.</strong></span> <span class='ocrx_word' id='word_1_227' title='bbox 447 2071 537 2113; x_wconf 85' lang='grc'><strong>165.</strong></span> <span class='ocrx_word' id='word_1_228' title='bbox 560 2071 677 2126; x_wconf 89' lang='grc'><strong>224),</strong></span> <span class='ocrx_word' id='word_1_229' title='bbox 709 2078 945 2114; x_wconf 86' lang='lat' dir='ltr'><strong>ceterorum</strong></span> <span class='ocrx_word' id='word_1_230' title='bbox 974 2071 1137 2114; x_wconf 85' lang='lat' dir='ltr'><strong>nullum</strong></span> <span class='ocrx_word' id='word_1_231' title='bbox 1167 2087 1274 2127; x_wconf 86' lang='lat' dir='ltr'><strong>esse,</strong></span> <span class='ocrx_word' id='word_1_232' title='bbox 1305 2073 1379 2129; x_wconf 89' lang='lat' dir='ltr'><strong>qui</strong></span> <span class='ocrx_word' id='word_1_233' title='bbox 1406 2087 1551 2115; x_wconf 88' lang='lat' dir='ltr'><strong>omnes</strong></span> <span class='ocrx_word' id='word_1_234' title='bbox 1581 2075 1808 2116; x_wconf 87' lang='lat' dir='ltr'><strong>contineat.</strong></span> 
     </span>
     <span class='ocr_line' id='line_1_28' title="bbox 321 2136 1810 2195; baseline 0.003 -17"><span class='ocrx_word' id='word_1_235' title='bbox 321 2136 569 2179; x_wconf 84' lang='lat' dir='ltr'><strong>Simillimus</strong></span> <span class='ocrx_word' id='word_1_236' title='bbox 607 2138 777 2194; x_wconf 85' lang='lat' dir='ltr'><strong>quidem</strong></span> <span class='ocrx_word' id='word_1_237' title='bbox 807 2138 1076 2195; x_wconf 87' lang='lat' dir='ltr'><strong>Frisingensi</strong></span> <span class='ocrx_word' id='word_1_238' title='bbox 1104 2146 1167 2181; x_wconf 86' lang='lat' dir='ltr'><strong>est</strong></span> <span class='ocrx_word' id='word_1_239' title='bbox 1195 2138 1333 2181; x_wconf 84' lang='lat' dir='ltr'><strong>codex</strong></span> <span class='ocrx_word' id='word_1_240' title='bbox 1363 2139 1727 2194; x_wconf 86' lang='lat' dir='ltr'><strong>Vindobonensis,</strong></span> <span class='ocrx_word' id='word_1_241' title='bbox 1764 2141 1810 2183; x_wconf 89' lang='lat' dir='ltr'><strong>in</strong></span> 
     </span>
     <span class='ocr_line' id='line_1_29' title="bbox 320 2203 1808 2262; baseline 0.004 -20"><span class='ocrx_word' id='word_1_242' title='bbox 320 2218 402 2258; x_wconf 88' lang='lat' dir='ltr'><strong>quo</strong></span> <span class='ocrx_word' id='word_1_243' title='bbox 434 2217 474 2243; x_wconf 81' lang='lat' dir='ltr'><strong>v,</strong></span> <span class='ocrx_word' id='word_1_244' title='bbox 495 2203 674 2257; x_wconf 87' lang='lat'><strong>35-43,</strong></span> <span class='ocrx_word' id='word_1_245' title='bbox 706 2205 884 2258; x_wconf 85' lang='lat'><strong>79—83,</strong></span> <span class='ocrx_word' id='word_1_246' title='bbox 917 2205 1131 2248; x_wconf 84' lang='lat'>107-121</span> <span class='ocrx_word' id='word_1_247' title='bbox 1162 2204 1460 2248; x_wconf 87' lang='lat' dir='ltr'><strong>totidem‘fere</strong></span> <span class='ocrx_word' id='word_1_248' title='bbox 1490 2205 1633 2248; x_wconf 88' lang='lat' dir='ltr'><strong>verbis</strong></span> <span class='ocrx_word' id='word_1_249' title='bbox 1662 2206 1808 2262; x_wconf 89' lang='lat' dir='ltr'><strong>legun-</strong></span> 
     </span>
     <span class='ocr_line' id='line_1_30' title="bbox 319 2270 1814 2327; baseline 0.004 -18"><span class='ocrx_word' id='word_1_250' title='bbox 319 2276 401 2321; x_wconf 87' lang='lat' dir='ltr'><strong>tur,</strong></span> <span class='ocrx_word' id='word_1_251' title='bbox 432 2270 492 2310; x_wconf 92' lang='lat' dir='ltr'><strong>ita</strong></span> <span class='ocrx_word' id='word_1_252' title='bbox 520 2276 568 2311; x_wconf 91' lang='lat' dir='ltr'><strong>ut</strong></span> <span class='ocrx_word' id='word_1_253' title='bbox 588 2270 855 2325; x_wconf 88' lang='lat' dir='ltr'><strong>Frisingensi</strong></span> <span class='ocrx_word' id='word_1_254' title='bbox 883 2286 962 2327; x_wconf 88' lang='lat' dir='ltr'><strong>par</strong></span> <span class='ocrx_word' id='word_1_255' title='bbox 990 2278 1102 2313; x_wconf 88' lang='lat' dir='ltr'><strong>esset</strong></span> <span class='ocrx_word' id='word_1_256' title='bbox 1122 2271 1372 2326; x_wconf 83' lang='lat' dir='ltr'><strong>censendus,</strong></span> <span class='ocrx_word' id='word_1_257' title='bbox 1401 2272 1486 2314; x_wconf 88' lang='lat' dir='ltr'><strong>nisi</strong></span> <span class='ocrx_word' id='word_1_258' title='bbox 1507 2273 1552 2313; x_wconf 89' lang='lat' dir='ltr'><strong>in</strong></span> <span class='ocrx_word' id='word_1_259' title='bbox 1570 2271 1756 2315; x_wconf 88' lang='lat' dir='ltr'><strong>litteram</strong></span> <span class='ocrx_word' id='word_1_260' title='bbox 1777 2273 1814 2316; x_wconf 77' lang='lat' dir='ltr'><strong>(J</strong></span> 
     </span>
     <span class='ocr_line' id='line_1_31' title="bbox 319 2334 1850 2395; baseline 0.004 -20"><span class='ocrx_word' id='word_1_261' title='bbox 319 2334 530 2377; x_wconf 85' lang='lat' dir='ltr'><strong>deficeret.</strong></span> <span class='ocrx_word' id='word_1_262' title='bbox 587 2336 814 2378; x_wconf 88' lang='lat' dir='ltr'><strong>Praeterea</strong></span> <span class='ocrx_word' id='word_1_263' title='bbox 848 2352 943 2379; x_wconf 89' lang='lat' dir='ltr'><strong>cum</strong></span> <span class='ocrx_word' id='word_1_264' title='bbox 973 2337 1196 2379; x_wconf 87' lang='lat' dir='ltr'><strong>Turicensi</strong></span> <span class='ocrx_word' id='word_1_265' title='bbox 1232 2345 1472 2394; x_wconf 89' lang='lat' dir='ltr'><strong>congruunt</strong></span> <span class='ocrx_word' id='word_1_266' title='bbox 1509 2338 1808 2395; x_wconf 84' lang='lat' dir='ltr'><strong>Frisingenses</strong></span> <span class='ocrx_word' id='word_1_267' title='bbox 1843 2352 1850 2359; x_wconf 87' lang='lat'><strong>·</strong></span> 
     </span>
     <span class='ocr_line' id='line_1_32' title="bbox 320 2402 1805 2458; baseline 0.005 -17"><span class='ocrx_word' id='word_1_268' title='bbox 320 2402 555 2442; x_wconf 86' lang='lat' dir='ltr'><strong>sententiae</strong></span> <span class='ocrx_word' id='word_1_269' title='bbox 594 2403 685 2444; x_wconf 88' lang='lat'><strong>109.</strong></span> <span class='ocrx_word' id='word_1_270' title='bbox 718 2403 810 2444; x_wconf 90' lang='grc'><strong>112.</strong></span> <span class='ocrx_word' id='word_1_271' title='bbox 844 2405 935 2446; x_wconf 83' lang='lat'><strong>115.</strong></span> <span class='ocrx_word' id='word_1_272' title='bbox 969 2404 1060 2445; x_wconf 85' lang='lat'><strong>116.</strong></span> <span class='ocrx_word' id='word_1_273' title='bbox 1091 2404 1186 2446; x_wconf 85' lang='grc'><strong>226.</strong></span> <span class='ocrx_word' id='word_1_274' title='bbox 1216 2404 1312 2446; x_wconf 87' lang='grc'><strong>284.</strong></span> <span class='ocrx_word' id='word_1_275' title='bbox 1341 2405 1446 2458; x_wconf 77' lang='grc'><strong>366;</strong></span> <span class='ocrx_word' id='word_1_276' title='bbox 1485 2420 1511 2446; x_wconf 88' lang='lat' dir='ltr'><strong>a</strong></span> <span class='ocrx_word' id='word_1_277' title='bbox 1541 2404 1682 2448; x_wconf 87' lang='lat' dir='ltr'><strong>Gellio</strong></span> <span class='ocrx_word' id='word_1_278' title='bbox 1717 2404 1805 2448; x_wconf 84' lang='lat' dir='ltr'><strong>lau—</strong></span> 
     </span>
     <span class='ocr_line' id='line_1_33' title="bbox 319 2466 1805 2528; baseline 0.004 -21"><span class='ocrx_word' id='word_1_279' title='bbox 319 2466 475 2508; x_wconf 86' lang='lat' dir='ltr'><strong>dantur</strong></span> <span class='ocrx_word' id='word_1_280' title='bbox 504 2483 544 2509; x_wconf 76' lang='grc' dir='ltr'><strong>ν.</strong></span> <span class='ocrx_word' id='word_1_281' title='bbox 580 2469 657 2510; x_wconf 85' lang='grc'><strong>193</strong></span> <span class='ocrx_word' id='word_1_282' title='bbox 687 2476 728 2510; x_wconf 92' lang='lat' dir='ltr'><strong>et</strong></span> <span class='ocrx_word' id='word_1_283' title='bbox 756 2470 852 2523; x_wconf 78' lang='grc'><strong>362,</strong></span> <span class='ocrx_word' id='word_1_284' title='bbox 882 2485 908 2511; x_wconf 88' lang='lat' dir='ltr'><strong>a</strong></span> <span class='ocrx_word' id='word_1_285' title='bbox 937 2470 1100 2512; x_wconf 84' lang='lat' dir='ltr'><strong>Seneca</strong></span> <span class='ocrx_word' id='word_1_286' title='bbox 1126 2485 1167 2512; x_wconf 82' lang='lat' dir='ltr'><strong>V.</strong></span> <span class='ocrx_word' id='word_1_287' title='bbox 1193 2471 1272 2512; x_wconf 86' lang='grc'><strong>119</strong></span> <span class='ocrx_word' id='word_1_288' title='bbox 1301 2477 1344 2513; x_wconf 89' lang='lat' dir='ltr'><strong>et</strong></span> <span class='ocrx_word' id='word_1_289' title='bbox 1362 2471 1459 2525; x_wconf 88' lang='grc'><strong>286,</strong></span> <span class='ocrx_word' id='word_1_290' title='bbox 1490 2486 1594 2528; x_wconf 88' lang='lat' dir='ltr'><strong>quos</strong></span> <span class='ocrx_word' id='word_1_291' title='bbox 1623 2486 1650 2513; x_wconf 93' lang='lat' dir='ltr'><strong>a</strong></span> <span class='ocrx_word' id='word_1_292' title='bbox 1678 2470 1805 2513; x_wconf 88' lang='lat' dir='ltr'><strong>libra-</strong></span> 
     </span>
     <span class='ocr_line' id='line_1_34' title="bbox 318 2534 1808 2595; baseline 0.004 -21"><span class='ocrx_word' id='word_1_293' title='bbox 318 2534 381 2575; x_wconf 88' lang='lat' dir='ltr'><strong>rio</strong></span> <span class='ocrx_word' id='word_1_294' title='bbox 417 2535 461 2575; x_wconf 89' lang='lat' dir='ltr'><strong>in</strong></span> <span class='ocrx_word' id='word_1_295' title='bbox 498 2543 689 2576; x_wconf 88' lang='lat' dir='ltr'><strong>veterum</strong></span> <span class='ocrx_word' id='word_1_296' title='bbox 725 2536 896 2592; x_wconf 87' lang='lat' dir='ltr'><strong>scriptis</strong></span> <span class='ocrx_word' id='word_1_297' title='bbox 932 2536 1112 2578; x_wconf 87' lang='lat' dir='ltr'><strong>multum</strong></span> <span class='ocrx_word' id='word_1_298' title='bbox 1148 2536 1340 2580; x_wconf 87' lang='lat' dir='ltr'><strong>volutato</strong></span> <span class='ocrx_word' id='word_1_299' title='bbox 1377 2551 1432 2579; x_wconf 85' lang='lat' dir='ltr'><strong>ex</strong></span> <span class='ocrx_word' id='word_1_300' title='bbox 1459 2538 1566 2595; x_wconf 89' lang='lat' dir='ltr'><strong>ipsis</strong></span> <span class='ocrx_word' id='word_1_301' title='bbox 1595 2537 1736 2580; x_wconf 87' lang='lat' dir='ltr'><strong>Gellio</strong></span> <span class='ocrx_word' id='word_1_302' title='bbox 1765 2544 1808 2580; x_wconf 88' lang='lat' dir='ltr'><strong>et</strong></span> 
     </span>
     <span class='ocr_line' id='line_1_35' title="bbox 319 2599 1805 2660; baseline 0.003 -19"><span class='ocrx_word' id='word_1_303' title='bbox 319 2600 479 2641; x_wconf 82' lang='lat' dir='ltr'><strong>Seneca</strong></span> <span class='ocrx_word' id='word_1_304' title='bbox 515 2599 655 2642; x_wconf 86' lang='lat' dir='ltr'><strong>illatos</strong></span> <span class='ocrx_word' id='word_1_305' title='bbox 686 2615 779 2643; x_wconf 88' lang='lat' dir='ltr'><strong>esse</strong></span> <span class='ocrx_word' id='word_1_306' title='bbox 808 2602 905 2644; x_wconf 89' lang='lat' dir='ltr'><strong>ideo</strong></span> <span class='ocrx_word' id='word_1_307' title='bbox 934 2617 1081 2659; x_wconf 88' lang='lat' dir='ltr'><strong>parum</strong></span> <span class='ocrx_word' id='word_1_308' title='bbox 1111 2602 1316 2645; x_wconf 86' lang='lat' dir='ltr'><strong>credibile</strong></span> <span class='ocrx_word' id='word_1_309' title='bbox 1345 2610 1430 2658; x_wconf 89' lang='lat' dir='ltr'><strong>est,</strong></span> <span class='ocrx_word' id='word_1_310' title='bbox 1467 2602 1568 2660; x_wconf 76' lang='lat' dir='ltr'><strong>quia</strong></span> <span class='ocrx_word' id='word_1_311' title='bbox 1596 2617 1671 2645; x_wconf 85' lang='lat' dir='ltr'><strong>cur</strong></span> <span class='ocrx_word' id='word_1_312' title='bbox 1699 2602 1805 2645; x_wconf 86' lang='lat' dir='ltr'><strong>duos</strong></span> 
     </span>
    </p>
   </div>
   <div class='ocr_carea' id='block_1_7' title="bbox 317 2665 1915 2726">
    <p class='ocr_par' dir='ltr' id='par_1_10' title="bbox 317 2665 1915 2726">
     <span class='ocr_line' id='line_1_36' title="bbox 317 2665 1915 2726; baseline 0.003 -20"><span class='ocrx_word' id='word_1_313' title='bbox 317 2665 422 2708; x_wconf 87' lang='lat' dir='ltr'><strong>alios</strong></span> <span class='ocrx_word' id='word_1_314' title='bbox 444 2682 469 2707; x_wconf 89' lang='lat' dir='ltr'><strong>a</strong></span> <span class='ocrx_word' id='word_1_315' title='bbox 489 2666 629 2709; x_wconf 87' lang='lat' dir='ltr'><strong>Gellio</strong></span> <span class='ocrx_word' id='word_1_316' title='bbox 659 2667 808 2710; x_wconf 87' lang='lat' dir='ltr'><strong>eodem</strong></span> <span class='ocrx_word' id='word_1_317' title='bbox 837 2667 928 2711; x_wconf 89' lang='lat' dir='ltr'><strong>loco</strong></span> <span class='ocrx_word' id='word_1_318' title='bbox 957 2669 1143 2726; x_wconf 84' lang='lat' dir='ltr'><strong>prolatos</strong></span> <span class='ocrx_word' id='word_1_319' title='bbox 1173 2670 1238 2725; x_wconf 80' lang='lat' dir='ltr'><strong>(v,</strong></span> <span class='ocrx_word' id='word_1_320' title='bbox 1262 2670 1353 2714; x_wconf 89' lang='lat'><strong>106.</strong></span> <span class='ocrx_word' id='word_1_321' title='bbox 1373 2669 1473 2726; x_wconf 88' lang='grc'><strong>264)</strong></span> <span class='ocrx_word' id='word_1_322' title='bbox 1494 2669 1698 2723; x_wconf 85' lang='lat' dir='ltr'><strong>omiserit,</strong></span> <span class='ocrx_word' id='word_1_323' title='bbox 1728 2670 1806 2711; x_wconf 86' lang='lat' dir='ltr'><strong>vix</strong></span> <span class='ocrx_word' id='word_1_324' title='bbox 1887 2699 1889 2701; x_wconf 78' lang='lat'>·</span> <span class='ocrx_word' id='word_1_325' title='bbox 1913 2680 1915 2685; x_wconf 81' lang='grc'>’</span> 
     </span>
    </p>
   </div>
   <div class='ocr_carea' id='block_1_8' title="bbox 317 2733 1807 2927">
    <p class='ocr_par' dir='ltr' id='par_1_11' title="bbox 317 2733 1807 2927">
     <span class='ocr_line' id='line_1_37' title="bbox 318 2733 1807 2793; baseline 0.004 -21"><span class='ocrx_word' id='word_1_326' title='bbox 318 2733 419 2773; x_wconf 88' lang='lat' dir='ltr'><strong>satis</strong></span> <span class='ocrx_word' id='word_1_327' title='bbox 457 2733 610 2775; x_wconf 86' lang='lat' dir='ltr'><strong>idonea</strong></span> <span class='ocrx_word' id='word_1_328' title='bbox 638 2748 764 2776; x_wconf 85' lang='lat' dir='ltr'><strong>causa</strong></span> <span class='ocrx_word' id='word_1_329' title='bbox 797 2735 981 2777; x_wconf 87' lang='lat' dir='ltr'><strong>inveniri</strong></span> <span class='ocrx_word' id='word_1_330' title='bbox 1010 2742 1162 2793; x_wconf 87' lang='lat' dir='ltr'><strong>potest.</strong></span> <span class='ocrx_word' id='word_1_331' title='bbox 1221 2735 1367 2793; x_wconf 83' lang='lat' dir='ltr'><strong>Quare</strong></span> <span class='ocrx_word' id='word_1_332' title='bbox 1394 2750 1479 2778; x_wconf 91' lang='lat' dir='ltr'><strong>non</strong></span> <span class='ocrx_word' id='word_1_333' title='bbox 1509 2741 1593 2789; x_wconf 88' lang='lat' dir='ltr'><strong>est,</strong></span> <span class='ocrx_word' id='word_1_334' title='bbox 1631 2734 1807 2792; x_wconf 69' lang='lat' dir='ltr'><strong>quodii</strong></span> 
     </span>
     <span class='ocr_line' id='line_1_38' title="bbox 319 2800 1806 2860; baseline 0.003 -21"><span class='ocrx_word' id='word_1_335' title='bbox 319 2813 466 2840; x_wconf 89' lang='lat' dir='ltr'><strong>versus</strong></span> <span class='ocrx_word' id='word_1_336' title='bbox 495 2800 539 2840; x_wconf 91' lang='lat' dir='ltr'><strong>in</strong></span> <span class='ocrx_word' id='word_1_337' title='bbox 568 2801 812 2842; x_wconf 86' lang='lat' dir='ltr'><strong>universum</strong></span> <span class='ocrx_word' id='word_1_338' title='bbox 842 2801 1013 2857; x_wconf 86' lang='lat' dir='ltr'><strong>quidem</strong></span> <span class='ocrx_word' id='word_1_339' title='bbox 1042 2803 1326 2860; x_wconf 86' lang='lat' dir='ltr'><strong>suspicionem</strong></span> <span class='ocrx_word' id='word_1_340' title='bbox 1348 2808 1561 2856; x_wconf 84' lang='lat' dir='ltr'><strong>moveant,</strong></span> <span class='ocrx_word' id='word_1_341' title='bbox 1590 2808 1806 2859; x_wconf 86' lang='lat' dir='ltr'><strong>tamquam</strong></span> 
     </span>
     <span class='ocr_line' id='line_1_39' title="bbox 317 2863 1805 2927; baseline 0.004 -21"><span class='ocrx_word' id='word_1_342' title='bbox 317 2863 489 2908; x_wconf 84' lang='lat' dir='ltr'><strong>aliunde</strong></span> <span class='ocrx_word' id='word_1_343' title='bbox 517 2867 673 2922; x_wconf 79' lang='lat' dir='ltr'><strong>assuti3</strong></span> <span class='ocrx_word' id='word_1_344' title='bbox 703 2867 778 2909; x_wconf 90' lang='lat' dir='ltr'><strong>sed</strong></span> <span class='ocrx_word' id='word_1_345' title='bbox 808 2868 1009 2913; x_wconf 86' lang='lat' dir='ltr'><strong>videntur</strong></span> <span class='ocrx_word' id='word_1_346' title='bbox 1036 2870 1177 2927; x_wconf 88' lang='lat' dir='ltr'><strong>potius</strong></span> <span class='ocrx_word' id='word_1_347' title='bbox 1205 2868 1494 2925; x_wconf 84' lang='lat' dir='ltr'><strong>Frisingensis</strong></span> <span class='ocrx_word' id='word_1_348' title='bbox 1524 2874 1566 2911; x_wconf 87' lang='lat' dir='ltr'><strong>et</strong></span> <span class='ocrx_word' id='word_1_349' title='bbox 1585 2868 1805 2912; x_wconf 89' lang='lat' dir='ltr'><strong>Vindobo-</strong></span> 
     </span>
    </p>
   </div>
   <div class='ocr_carea' id='block_1_9' title="bbox 1889 0 1956 3308">
    <p class='ocr_par' dir='ltr' id='par_1_12' title="bbox 1889 0 1956 3308">
     <span class='ocr_line' id='line_1_40' title="bbox 1889 0 1956 3308; baseline 0 0"><span class='ocrx_word' id='word_1_350' title='bbox 1889 0 1956 3308; x_wconf 95' lang='lat' dir='ltr'><strong> </strong></span> 
     </span>
    </p>
   </div>
  </div>
 </body>
</html>
