1956 3308
346 223 424 264 128
869 235 1154 266 senmwrun
1186 235 1330 267 muso

454 333 526 375 Nil
555 332 728 390 prodest
757 334 976 388 didicisse,
1007 335 1044 376 si
1074 348 1213 376 cessas
1242 335 1351 377 bene
1380 334 1534 377 facere.

346 403 429 442 230
457 399 530 441 Nil
558 401 738 442 rationis
769 406 847 453 est,
877 399 953 441 ubi
982 415 1049 442 res
1080 399 1209 442 semel
1238 402 1283 443 in
1310 402 1508 444 affectum
1538 404 1669 445 venit.

456 465 527 508 Nil
558 467 724 523 turpius
755 481 882 522 quam
911 468 1060 522 vivere
1089 467 1297 524 incipiens
1328 482 1474 511 senex.

454 532 644 573 Nimium
675 531 889 574 tendendo
918 533 1060 590 rumpi
1089 533 1304 575 funiculus
1334 533 1453 576 solet.

454 598 624 641 Nobilis
654 598 864 655 professio
895 600 1104 656 sapientia
1135 606 1224 642 est:
1265 614 1372 656 quae
1402 600 1634 644 distributa
1663 604 1842 660 suscipit

721 666 1041 719 incrementum,
1072 680 1251 708 avarum
1280 666 1512 722 dedignata
1540 682 1840 724 possessorem.

457 731 624 773 Nocens
655 732 750 788 quis
781 731 896 774 illico
926 732 988 787 fit,
1020 732 1260 774 succumbit
1289 739 1337 775 ut
1365 733 1486 776 fides.

346 802 424 838 235
455 798 551 840 Non
579 798 663 840 alia
691 798 822 840 facies
853 805 918 840 est
947 800 1081 855 quieti
1100 798 1394 856 moderatique
1413 801 1601 857 imperii,
1631 815 1756 857 quam
1776 816 1839 844 se-

724 865 816 906 reni
847 864 954 906 caeli
985 872 1027 907 et
1054 867 1246 908 nitentis.

457 931 554 972 Non
582 932 748 973 animus
778 930 975 985 hominis,
1007 932 1083 974 sed
1113 932 1226 975 facta
1256 939 1499 975 cernuntur.

452 997 652 1039 Nondum
682 997 790 1039 felix
820 1012 880 1052 es,
911 999 948 1039 si
976 998 1165 1041 nondum
1194 999 1320 1041 turba
1347 1005 1390 1042 te
1420 999 1632 1043 deriserit.
1670 1030 1678 1036 -

455 1063 552 1104 Non
582 1077 707 1119 egere
737 1063 945 1106 felicitate
973 1063 1158 1107 felicitas
1189 1071 1266 1107 est.

457 1129 554 1171 Non
585 1136 649 1172 est
678 1129 843 1184 beatus,
874 1131 967 1187 ipse
998 1132 1070 1187 qui
1099 1145 1144 1173 se
1174 1133 1351 1174 nesciat.

349 1199 429 1237 240
458 1196 554 1238 Non
585 1202 648 1238 est
677 1195 847 1239 bonitas
879 1211 972 1240 esse
1001 1197 1217 1239 meliorem
1248 1200 1446 1256 pessimo.

453 1262 550 1305 Non
591 1268 654 1305 est
690 1262 875 1305 hominis
912 1265 1047 1306 maior
1083 1263 1264 1306 stultitia
1300 1280 1425 1322 quam
1456 1271 1607 1321 putare
1636 1281 1681 1308 se
1709 1268 1842 1309 amari

725 1330 779 1371 ab
810 1329 892 1383 his,
923 1345 1029 1386 quos
1060 1331 1153 1387 ipse
1181 1346 1266 1373 non
1296 1331 1462 1387 diligat.

454 1395 550 1437 Non
580 1402 643 1438 est
672 1395 889 1451 pusillum,
921 1397 958 1439 si
988 1397 1091 1453 quid
1121 1398 1307 1440 maximo
1337 1405 1403 1440 est
1431 1399 1585 1442 minus.

453 1461 550 1502 Non
579 1468 643 1504 est
672 1468 806 1517 tuum,
837 1462 1010 1505 fortuna
1039 1463 1152 1520 quod
1182 1465 1286 1507 fecit
1315 1471 1447 1508 tuum.

450 1527 547 1569 Non
574 1528 659 1570 fert
687 1527 820 1570 ullum
850 1530 982 1571 ictum
1011 1529 1162 1572 illaesa
1190 1530 1390 1573 felicitas.

341 1597 420 1635 245
450 1593 546 1636 Non
575 1596 715 1637 minus
746 1595 868 1652 latro,
900 1597 1019 1638 cuius
1050 1597 1183 1639 telum
1212 1599 1407 1655 opposita
1435 1584 1557 1641 veste
1568 1598 1740 1641 ..elusum
1761 1606 1839 1643 est.

451 1660 548 1703 Non
587 1661 767 1704 multum
806 1677 935 1719 supra
970 1678 1066 1706 eum
1096 1665 1254 1707 eminet
1283 1665 1398 1721 quis,
1439 1666 1507 1707 cui
1535 1678 1582 1707 se
1619 1665 1840 1708 irascendo

1140 1737 1363 1788 exaequat.

452 1794 549 1836 Non
579 1796 695 1836 omni
725 1796 907 1838 eundem
937 1796 1123 1839 calceum
1143 1797 1329 1849 ,induces
1359 1798 1472 1855 pedi.

452 1860 550 1903 Non
579 1876 705 1918 quam
736 1861 825 1916 diu,
857 1862 934 1904 sed
964 1878 1091 1920 quam
1120 1864 1230 1906 bene
1259 1865 1397 1919 vivas,
1429 1865 1583 1920 cogita.

454 1927 551 1969 Non
581 1929 654 1984 qui
683 1930 824 1972 iussus
854 1929 1042 1987 aliquod,
1074 1930 1150 1973 sed
1179 1931 1251 1988 qui
1280 1931 1442 1974 invitus
1464 1930 1582 1986 facit,
1613 1932 1742 1974 miser
1760 1938 1838 1975 est.

345 1997 428 2036 250
456 1993 553 2036 Non
583 1995 893 2039 vindicandum
922 1996 1094 2051 scelere,
1125 1998 1162 2039 si
1191 1999 1343 2054 possis,
1375 1998 1527 2041 scelus.

456 2060 587 2103 Nulla
614 2076 682 2105 res
712 2064 849 2119 magis
878 2063 957 2106 alit
984 2063 1263 2119 iracundiam,
1294 2080 1420 2122 quam
1449 2064 1632 2107 luxuria.

449 2255 528 2293 229
558 2256 628 2292 Ρη.
651 2256 702 2293 Cf.
724 2267 834 2304 supra
854 2268 915 2306 pg.
940 2257 1006 2304 91,
1028 2258 1051 2294 9
1129 2256 1211 2295 230
1231 2257 1296 2294 Gr.
1318 2269 1371 2294 ex.
1393 2257 1472 2295 cod.
1491 2257 1599 2294 Palat.
1621 2257 1701 2296 Sen.
1722 2257 1765 2296 de
1785 2259 1835 2296 ira

339 2311 376 2358 1,
399 2310 439 2358 8,
463 2312 483 2347 1
580 2311 657 2348 231
690 2312 753 2348 Ps.
775 2312 855 2348 Sen.
878 2314 981 2361 epist.
1004 2313 1069 2359 13,
1094 2313 1142 2350 17
1233 2312 1311 2350 232
1342 2314 1412 2350 Bo.
1434 2312 1481 2349 Ex
1501 2313 1688 2363 proverbio
1708 2325 1835 2363 graeco

337 2365 469 2402 Erasini
491 2366 602 2415 Adag.
627 2367 663 2414 1,
686 2367 725 2414 5,
745 2366 798 2404 47
913 2367 993 2406 233
1026 2369 1091 2405 Go.
1198 2367 1277 2406 234
1310 2369 1363 2406 Gr
1384 2368 1419 2405 2.
1441 2369 1543 2406 Caec.
1564 2369 1657 2407 Balb.
1679 2369 1772 2407 Mon.
1793 2369 1834 2416 4,

337 2421 375 2469 3,
397 2434 458 2470 pg.
482 2421 532 2458 21
663 2422 743 2459 235
776 2423 842 2460 Go.
865 2423 945 2459 Sen.
967 2423 1011 2460 de
1031 2424 1132 2460 clem.
1157 2424 1194 2471 1,
1218 2424 1255 2471 7,
1277 2423 1301 2460 2
1432 2425 1510 2463 236
1540 2425 1612 2462 Pn.
1632 2425 1680 2462 De
1699 2435 1787 2464 mor.
1809 2424 1834 2462 3

438 2477 517 2515 237
548 2478 620 2515 Ρη.
642 2477 690 2514 De
710 2489 796 2515 mor.
821 2478 872 2516 23
969 2478 1048 2516 238
1079 2479 1127 2516 R.
1151 2478 1228 2517 Sen.
1253 2479 1296 2516 de
1317 2480 1455 2528 provid.
1480 2480 1518 2527 6,
1539 2480 1563 2519 5
1658 2479 1738 2519 239
1767 2479 1829 2517 1²³.

335 2532 443 2569 Poeta
463 2544 553 2570 com.
577 2544 631 2582 ap.
654 2533 735 2570 Sen.
757 2535 859 2582 epist.
883 2534 921 2581 9,
944 2534 993 2571 21
1017 2546 1099 2572 esse
1119 2546 1161 2573 se
1180 2538 1246 2583 qui
1263 2547 1336 2573 non
1351 2540 1466 2583 putat
1560 2534 1642 2574 240
1668 2534 1732 2572 Ps.
1751 2534 1833 2572 Sen.
1895 2543 1901 2551 ’

337 2589 440 2636 epist.
465 2589 531 2636 79,
556 2589 604 2625 11
721 2589 798 2625 241
833 2590 874 2634 Q.
1004 2590 1083 2627 242
1113 2591 1175 2628 Ps.
1197 2590 1280 2628 Seu.
1301 2592 1405 2640 epist.
1429 2591 1521 2638 100,
1543 2591 1567 2628 9
1679 2589 1758 2628 243
1789 2590 1832 2627 F.

334 2642 490 2680 Lucilius
518 2655 573 2692 ap.
604 2643 685 2681 Seu.
715 2646 819 2693 epist.
840 2645 887 2692 8,
912 2646 962 2683 10
1083 2645 1163 2683 244
1193 2647 1241 2684 R.
1262 2647 1323 2695 qui
1351 2658 1418 2683 scr.
1438 2647 1574 2684 hilaris
1595 2646 1663 2694 fel.
1685 2645 1768 2682 Seu.
1789 2646 1834 2683 de

335 2699 472 2746 provid.
495 2699 541 2746 2,
564 2700 587 2737 6
721 2700 800 2737 245
830 2701 878 2737 R.
902 2702 963 2749 qui
990 2713 1060 2739 scr.
1093 2705 1203 2739 cuius
1228 2704 1354 2739 scelus
1382 2714 1413 2739 v.
1441 2702 1643 2738 clauditur.
1682 2701 1764 2739 Sen.
1789 2700 1833 2738 de

337 2760 450 2791 const.
472 2766 545 2803 sap.
569 2755 608 2801 7,
629 2754 654 2791 4
741 2755 820 2793 246
853 2757 918 2793 Go.
941 2756 1023 2793 Seu.
1046 2757 1089 2794 de
1109 2757 1210 2794 clem.
1236 2758 1274 2805 1,
1295 2757 1334 2804 5,
1357 2757 1380 2795 6
1465 2755 1544 2794 247
1573 2756 1643 2794 Bo.
1663 2755 1829 2794 Proverb.

336 2821 499 2856 graecum
521 2822 575 2858 ap.
598 2809 729 2847 Erasm.
751 2811 860 2860 Adag.
882 2811 922 2859 4,
945 2811 984 2859 4,
1005 2812 1057 2850 56
1179 2808 1258 2850 248
1288 2812 1331 2848 F.
1353 2811 1434 2849 Seu.
1455 2812 1558 2860 epist.
1580 2810 1646 2859 22,
1671 2812 1719 2850 17

335 2863 414 2901 249
447 2866 489 2909 Q.
604 2865 687 2904 250
716 2867 758 2903 F.
781 2866 827 2903 ne
846 2878 935 2904 mor.
959 2868 1038 2906 139
1153 2868 1229 2906 251
1263 2868 1310 2904 R.
1331 2866 1411 2905 Seu.
1431 2867 1476 2904 de
1494 2868 1545 2904 ira
1566 2866 1605 2915 2,
1626 2867 1694 2915 25,
1712 2867 1738 2904 4
