1956 3308
300 238 378 277 110
708 246 909 277 russmml
941 246 1041 277 εγω
1073 246 1373 278 senmurum.

414 347 641 388 Tutisse'ma
671 359 736 388 res
765 350 832 396 est,
863 346 971 387 nihil
999 346 1138 387 timere
1158 349 1326 399 praeter
1353 347 1483 388 deum.

423 413 529 454 Teuc
557 427 712 466 semper
740 413 849 454 vocis
877 414 913 453 et
940 411 1094 453 silentii
1123 415 1506 465 temperamentum;

417 482 553 519 tamen
573 482 610 519 et
632 480 677 519 iri
696 479 770 519 hoc
788 477 985 528 incumbe,
1011 481 1059 519 ut
1077 478 1267 519 libentius
1285 479 1438 520 audias
1457 492 1582 531 quam
1602 480 1795 532 loquaris.

313 549 389 585 120
421 545 570 586 Tacere
599 545 670 596 qui
698 543 833 595 nesat,
864 545 990 585 nescit
1017 544 1138 597 loqui.

420 611 666 661 Tristitiam,
695 612 733 651 si
753 613 880 663 potes,
909 623 961 651 ne
989 611 1217 652 admiseris.

415 677 552 729 Turpe
574 677 747 729 praebet
773 677 1045 730 spectaculum
1073 691 1193 731 aeyer
1221 678 1399 720 animus.

416 743 578 795 Turpia
606 756 658 784 ue
686 743 861 784 dixeris:
884 743 1095 795 paulatim
1124 744 1233 785 euim
1254 745 1394 797 pudor
1415 758 1556 786 rerwm
1575 759 1655 798 per
1674 746 1796 788 verba

1008 812 1012 821 '
1092 811 1322 852 discutitur.
1362 828 1365 830 ·

412 875 631 917 Trausibit
659 888 789 917 sermo
819 877 865 917 iu
895 876 1087 928 effectum,
1118 878 1156 918 si
1184 876 1352 919 honesta
1382 878 1611 930 loquamur.

303 946 379 982 125
413 942 687 983 Tolerabilior
716 945 783 994 est,
816 943 888 995 qui
917 943 1023 983 mori
1050 943 1169 994 iubet,
1201 956 1327 995 quam
1354 946 1428 997 qui
1455 945 1562 986 male
1589 946 1731 986 vivere.

413 1008 684 1049 Tolerabilior
712 1011 769 1050 est
788 1018 938 1062 poeria,
969 1021 1052 1049 riou
1073 1022 1194 1061 posse
1221 1011 1353 1051 vivere
1382 1024 1509 1063 quam
1537 1012 1700 1052 nescire.

411 1074 554 1115 Talem
582 1075 839 1127 diliyeritiam
869 1074 1009 1116 emliibe
1039 1076 1083 1116 iri
1114 1076 1309 1118 amicitiis
1337 1077 1628 1130 comparandis,
1659 1091 1709 1119 rie
1729 1079 1793 1119 iri·

733 1142 865 1194 cipias
893 1154 1047 1192 amare,
1079 1155 1198 1194 quem
1227 1143 1411 1196 deinceps
1438 1144 1568 1195 possis
1596 1145 1736 1186 odisse.

411 1206 475 1247 Tu
497 1207 686 1259 primum
715 1208 855 1249 exhibe
884 1210 920 1249 tc
948 1208 1118 1259 bouum,
1149 1211 1187 1250 et
1213 1209 1271 1250 sic
1299 1222 1449 1262 quaere
1477 1210 1651 1252 alterum
1679 1211 1794 1252 simi-

1091 1275 1168 1316 lem
1197 1276 1269 1317 tui.

411 1339 594 1393 Turpius
629 1340 738 1382 nihil
774 1343 830 1382 cst
866 1353 993 1393 quam
1029 1354 1121 1383 cum
1156 1355 1200 1382 eo
1230 1341 1377 1383 bellum
1401 1355 1557 1395 yerere,
1596 1356 1687 1384 cum
1715 1355 1794 1395 quo

1088 1407 1361 1459 familiariter
1387 1409 1550 1450 visceris.

298 1476 376 1512 626
407 1470 674 1513 Thesaurum
703 1473 748 1513 in
778 1472 974 1529 sepulcro
1003 1474 1139 1529 ponit,
1171 1475 1244 1530 qui
1274 1488 1418 1515 senem
1446 1473 1648 1516 heredem
1677 1474 1795 1516 facit.

405 1537 698 1580 Taciturnitas
728 1537 859 1580 stulto
888 1538 1051 1582 homini
1080 1554 1157 1596 pro
1186 1541 1398 1596 sapientia
1426 1547 1504 1582 est.

405 1603 515 1645 Tam
546 1604 667 1647 deest
695 1619 826 1646 avaro
856 1606 969 1661 quod
998 1605 1143 1660 habet,
1174 1621 1300 1662 quam
1329 1606 1443 1664 quod.
1470 1621 1556 1649 non
1583 1607 1725 1649 habet.

293 1798 466 1825 comens
488 1786 651 1823 Proverb.
674 1786 782 1824 PRF
800 1788 904 1836 (EC),
926 1789 980 1835 M,
1011 1801 1042 1824 v.
1065 1788 1302 1827 626—628:
1324 1790 1361 1825 F
1379 1789 1439 1838 (T)

291 1878 396 1923 epist.
419 1875 486 1922 45,
511 1876 531 1912 7
555 1874 655 1912 ‘vitia
676 1875 779 1912 nobis
800 1877 866 1913 sub
887 1878 1055 1913 virtutum
1079 1878 1219 1914 nomine
1241 1876 1430 1925 obrepunt.
1487 1877 1556 1914 Pro
1577 1883 1682 1914 cauto
1704 1879 1795 1914 timi-

292 1931 357 1966 dus
379 1931 576 1979 accipitur'.
712 1932 789 1968 117
823 1933 888 1969 EC
918 1933 1018 1969 Vinc.
1043 1933 1089 1968 B.
1112 1944 1169 1979 sp.
1190 1934 1225 1969 d.
1248 1933 1298 1979 4,
1321 1932 1386 1969 32.
1411 1932 1460 1970 74
1582 1938 1657 1968 tuta
1679 1933 1718 1979 C,
1740 1938 1794 1968 tu-

293 1987 425 2022 tissima
445 1998 502 2022 res
523 1993 578 2023 est
598 1987 729 2034 aliquid
750 1987 884 2024 domini
906 1989 1029 2024 timere
1060 1988 1165 2024 Vi.nc
1187 1988 1228 2035 4,
1251 1961 1303 2026 32
1421 1988 1498 2024 118
1530 1988 1596 2024 Ec
1625 1989 1728 2026 Vino.
1746 1988 1791 2023 B.

222 2046 225 2050 “
292 2053 350 2088 sp.
373 2043 410 2078 d.
427 2042 467 2088 4,
491 2042 555 2078 92.
581 2043 670 2079 170.
694 2044 733 2089 5,
755 2042 820 2079 29.
844 2043 885 2078 M
905 2043 956 2080 74
1072 2049 1152 2080 tene
1173 2039 1331 2093 semper]
1354 2054 1479 2091 magna
1500 2054 1557 2079 res
1578 2049 1633 2079 est
1653 2043 1695 2079 M

295 2097 371 2133 119
403 2097 469 2134 EG
498 2098 600 2134 Vinc.
622 2100 646 2134 l.
669 2109 702 2134 c.
726 2098 767 2133 M
786 2099 809 2134 9
951 2100 987 2134 in
1007 2099 1076 2135 hoc
1097 2104 1233 2135 tantum
1253 2099 1276 2135 i.
1299 2098 1342 2134 M
1482 2098 1561 2135 120
1590 2099 1657 2135 EC
1684 2098 1788 2135 Vinc.

291 2153 338 2188 B.
361 2163 419 2199 sp.
440 2154 475 2188 d.
505 2152 555 2199 4,
578 2153 641 2190 92.
670 2154 758 2190 170.
790 2150 842 2200 5,
859 2153 924 2190 29.
947 2154 990 2190 Μ
1010 2153 1088 2191 132
1233 2154 1353 2202 eloqui
1374 2155 1422 2201 E,
1443 2159 1479 2190 et
1499 2153 1597 2201 loqui
1616 2154 1660 2191 M

294 2208 369 2244 121
403 2219 447 2243 ne
467 2208 679 2255 PaRFEC,
701 2210 807 2246 codd.
829 2211 925 2245 mell.
949 2210 991 2245 M
1013 2210 1082 2245 11:
1113 2221 1183 2245 non
1205 2210 1274 2256 Pb,
1295 2210 1338 2246 M
1356 2212 1465 2257 vulyo
1558 2210 1590 2245 si
1611 2210 1726 2245 miuus
1747 2219 1791 2244 ne

291 2263 490 2299 ostenderis
513 2265 656 2300 addunt
677 2265 749 2300 CM
877 2263 953 2300 122
984 2264 1106 2301 turbae
1126 2260 1165 2300 F
1272 2264 1407 2313 praebit
1427 2265 1496 2301 PR
1611 2274 1718 2312 aeger
1737 2275 1794 2300 an.

294 2319 360 2355 ΡΒ
393 2319 497 2356 Vinc.
525 2319 568 2357 B.
599 2330 654 2365 sp.
682 2321 722 2355 d.
742 2319 789 2366 4,
815 2321 905 2367 107,
936 2321 1042 2357 codd.
1070 2322 1167 2357 mell.
1187 2320 1231 2356 M
1249 2320 1319 2357 89:
1350 2331 1405 2357 an.
1427 2330 1535 2368 aeger
1554 2319 1621 2356 FC
1638 2319 1793 2366 Godosr.

438 2374 515 2411 123
547 2385 664 2410 rerum
686 2375 762 2410 PM
783 2376 881 2412 120:
913 2387 980 2412 om.
1003 2375 1142 2412 RFEC
1169 2375 1272 2412 Vinc.
1295 2375 1342 2412 B.
1370 2386 1426 2423 sp.
1450 2376 1486 2412 d.
1508 2374 1555 2422 4,
1578 2375 1658 2412 170

293 2429 487 2466 discutitur
505 2429 606 2466 LEO
636 2430 738 2469 Vinc.
760 2431 804 2467 M
822 2433 951 2479 vul90;
980 2442 1139 2478 quocum
1169 2432 1222 2479 cf.
1252 2443 1284 2468 v.
1308 2431 1406 2469 576:
1437 2430 1630 2467 dediscitur
1653 2428 1723 2478 (vel
1742 2428 1793 2465 di·
1847 2427 1850 2431 ’

291 2484 416 2532 scitur)
438 2487 545 2525 codd.
568 2490 653 2522 vett.
675 2485 717 2521 M
840 2486 916 2523 124
957 2486 1062 2523 Vinc.
1083 2487 1127 2522 B.
1150 2498 1208 2534 sp.
1229 2488 1264 2523 d.
1287 2486 1327 2534 4,
1352 2487 1430 2523 170
1542 2485 1703 2522 transivit
1721 2484 1790 2521 PR

407 2540 568 2577 affectum
593 2539 634 2589 C,
657 2542 812 2588 Godofr.
954 2542 1103 2578 honeste
1124 2543 1160 2579 R
1285 2541 1364 2579 125
1393 2554 1461 2579 om.
1482 2541 1518 2578 R
1634 2538 1709 2576 126
1738 2544 1794 2574 est

291 2608 325 2643 p.
348 2597 463 2633 PbR:
483 2608 517 2644 p.
539 2601 593 2632 est
613 2597 721 2643 PaF,
742 2602 795 2633 est
817 2609 885 2635 om.
910 2598 1067 2644 Godosr.
1188 2597 1264 2634 127
1296 2597 1455 2634 amicitiis
1475 2596 1601 2634 PRE:
1619 2594 1737 2631 amicis
1757 2594 1795 2630 F

311 2652 414 2688 Vinc.
436 2652 484 2688 B.
506 2662 562 2698 sp.
585 2653 621 2690 d.
644 2652 683 2699 6,
709 2653 757 2688 14
889 2653 1006 2689 denuo
1028 2653 1082 2689 vol
1103 2653 1268 2700 deinceps
1290 2654 1328 2689 Ε
1443 2662 1507 2699 pos
1529 2651 1566 2686 F
1671 2649 1790 2686 odisse

305 2707 424 2743 Vina:
446 2707 546 2743 odire
567 2707 711 2744 PRFE
837 2707 914 2745 128
945 2713 980 2744 te
1001 2708 1114 2756 ipsum
1135 2707 1169 2744 h.
1203 2709 1304 2746 Vinc.
1328 2708 1372 2744 B.
1394 2718 1451 2754 sp.
1473 2707 1508 2743 d.
1531 2705 1570 2751 6,
1593 2703 1642 2742 14
1755 2710 1792 2741 et

291 2762 430 2798 demum
453 2763 507 2799 vel
526 2764 577 2799 sic
599 2764 636 2799 Ε
746 2774 892 2811 quaeras
916 2763 1074 2811 Godofr.
1096 2763 1190 2812 elige
1215 2764 1318 2801 Vinc.
1435 2760 1512 2798 129
1544 2760 1620 2807 EG,
1641 2771 1710 2796 om.
1732 2759 1788 2796 Pb

402 2819 638 2855 amantissime
660 2819 689 2855 C
800 2818 878 2856 627
911 2819 976 2866 Cf„
993 2831 1026 2856 v.
1048 2818 1127 2855 492
1203 2844 1205 2847 .
1242 2824 1268 2855 t.
1289 2817 1402 2855 stulto
1422 2827 1488 2865 pro
1508 2827 1538 2852 s.
1557 2815 1652 2852 cedit
1676 2816 1708 2852 T

293 2872 371 2909 628
403 2873 550 2909 Seneca
571 2880 738 2911 controv.
763 2875 801 2921 7,
828 2874 890 2921 18,
908 2886 948 2921 p.
970 2873 1072 2921 206,
1097 2873 1145 2910 14
1167 2874 1285 2911 Burs.
1306 2872 1458 2917 Quintil.
1481 2871 1527 2918 8,
1549 2871 1595 2918 5,
1618 2872 1657 2907 6.
1680 2872 1727 2917 9,
1749 2870 1789 2918 3,
