1956 3308
119 0 155 32 aa!

22 45 38 70 ἔ-
64 39 65 42 “
78 46 147 81 ‘af

88 88 115 149 ς,
137 126 147 134 1

62 180 99 250 134
111 167 116 171 ⁴

99 298 109 318 ,⁴

93 411 109 430 „

568 268 708 299 mma
736 267 1045 301 PussmmANAs
1076 269 1330 300 RECEPTAE.
1624 261 1698 303 121

298 371 446 413 Bonus
476 368 610 412 iudex
641 369 818 412 damnat
849 369 1147 428 improbanda,
1178 385 1264 413 non
1294 371 1400 414 odit.
1457 400 1463 410 .

297 438 444 481 Bonus
473 437 610 479 iudex
639 443 719 491 est,
752 438 825 494 qui
855 438 978 481 novit
1008 437 1260 495 dispensare
1289 439 1402 496 quod
1425 439 1616 482 dandum
1638 447 1703 484 cst

996 512 1039 548 et
1069 512 1295 563 quatenus.

253 590 256 594 ’
301 572 538 616 Calamitas
568 573 743 615 virtutis
774 572 943 616 occasio
975 579 1054 616 est.

299 640 501 684 Camelus
532 641 711 698 cupiens
742 655 903 683 cornua
931 655 1056 684 aures
1087 640 1292 699 perdidit.

215 714 267 752 65
299 708 442 766 Caput
472 709 566 751 sine
595 707 746 764 lingua
775 710 992 751 sententia
1020 708 1199 766 pedaria
1228 715 1307 751 est,

298 777 478 833 Castiga
507 776 692 818 amicum
722 775 978 830 clanculum,
1010 775 1140 818 lauda
1168 775 1324 833 palam.

298 844 436 887 Casus
467 858 594 901 quem
626 858 755 901 saepe
784 845 955 897 transit,
991 842 1224 900 aliquando
1255 844 1435 886 invenit.

298 911 417 954 Cave
446 909 569 952 illum
602 925 784 968 semper,
817 912 891 968 qui
920 911 1003 953 tibi
1033 911 1239 968 imposuit
1269 909 1416 953 semel.

299 979 398 1021 Cito
427 979 644 1020 accusaris
673 984 749 1020 aut
778 978 969 1020 laudaris
1000 979 1230 1020 neminem.

219 1052 273 1090 70
302 1045 459 1089 Civilis
489 1043 594 1088 belli
624 1044 788 1088 oblivio
819 1045 1015 1088 defensio
1046 1051 1125 1088 est.

300 1113 543 1157 Clementia
573 1119 639 1155 est
668 1111 823 1155 lenitas
854 1114 1090 1170 superioris
1119 1112 1328 1155 adversus
1360 1113 1624 1155 inferiorem.

301 1180 542 1225 Clementia
571 1187 638 1223 est
666 1181 954 1237 temperantia
982 1181 1115 1223 animi
1144 1181 1191 1223 in
1220 1186 1436 1238 potestate
1457 1179 1709 1223 ulciscendi.

300 1248 542 1292 Clementia
570 1248 616 1290 in
646 1263 958 1305 quamcumque
987 1248 1161 1291 domum
1190 1248 1382 1302 venerit,
1413 1246 1585 1290 felicem
1616 1262 1710 1290 eam

998 1314 1362 1372 tranquillamque
1391 1315 1643 1372 praestabit.

301 1384 432 1440 Cogit
461 1384 668 1441 rogando,
701 1398 799 1426 cum
827 1389 952 1440 rogat
980 1384 1210 1442 potentior.

217 1457 269 1495 75
299 1451 538 1495 Commune
566 1451 840 1507 naufragium
871 1451 1070 1495 omnibus
1102 1450 1261 1493 solacio
1293 1456 1372 1495 est.

302 1519 603 1563 Conscientiae
632 1520 777 1576 potius
808 1533 933 1576 quam
965 1518 1107 1561 famae
1136 1518 1386 1560 attenderis.

302 1586 540 1630 Considera
570 1586 676 1644 quid
706 1586 841 1641 dicas,
871 1601 959 1629 non
989 1586 1091 1643 quid
1124 1586 1305 1642 cogites.

302 1654 580 1698 Consuetudo
609 1654 818 1711 peccandi
848 1654 1173 1696 multitudinem
1203 1652 1308 1695 facit
1338 1652 1624 1710 peccantium.

301 1721 483 1766 Consuli
511 1721 687 1779 quidem
716 1722 861 1765 omnia
890 1721 1064 1775 debent,
1096 1735 1248 1763 verum
1277 1735 1363 1763 non
1391 1719 1448 1761 ab
1479 1719 1693 1762 omnibus.

218 1797 273 1835 80
303 1791 610 1848 Contemptum
638 1789 931 1847 periculorum
960 1788 1196 1831 assiduitas
1226 1786 1503 1846 periclitandi
1534 1786 1653 1829 facit.

304 1858 544 1902 Conterunt
574 1857 746 1914 plebeia
775 1856 938 1899 celsum
967 1870 1096 1914 saepe
1126 1856 1243 1898 dicta
1272 1855 1493 1897 verticem.

306 1926 463 1970 Coram
492 1940 578 1968 uno
607 1923 775 1982 aliquid
804 1930 929 1982 turpe
959 1923 1123 1966 dictum
1151 1923 1343 1966 ridemus
1375 1928 1419 1964 et
1447 1936 1588 1964 coram
1618 1919 1710 1978 plu-

1003 1992 1123 2034 ribus
1154 1990 1446 2046 indignamur.

305 2061 469 2105 Crebro
500 2061 539 2104 si
568 2061 717 2116 iacias,
748 2059 869 2102 aliud
897 2058 1006 2101 alias
1037 2059 1203 2101 ieceris.

305 2130 390 2172 Cui
419 2129 624 2172 convenit
654 2142 751 2170 eum
780 2132 1048 2185 paupertate,
1080 2125 1204 2168 dives
1235 2131 1315 2167 est.

221 2201 274 2240 85
306 2197 460 2240 Cuivis
489 2195 648 2238 artifici
677 2195 724 2237 in
753 2201 846 2237 arte
876 2193 1140 2236 credendum
1171 2199 1236 2235 est
1265 2206 1356 2234 sua.

322 2382 374 2420 61
404 2383 453 2420 R.
478 2381 560 2418 Sen.
584 2381 699 2418 deira
722 2380 895 2428 1,16,7
1028 2378 1079 2416 62
1113 2378 1178 2415 Go.
1201 2377 1248 2414 De
1271 2388 1362 2413 mor.
1386 2377 1439 2414 96
1563 2375 1615 2413 63
1647 2376 1710 2412 Ps.

195 2440 278 2477 Seu.
299 2438 343 2476 de
362 2449 480 2504 prov.
486 2437 526 2486 4,
544 2438 568 2476 6
648 2436 700 2476 64
731 2438 802 2474 Bo.
826 2435 1034 2485 Apostolius
1055 2428 1080 2482 ἡ
1104 2427 1278 2483 κάμηλος
1299 2424 1576 2480 ἐπιθυμήσασαι
1596 2425 1710 2480 κερά-

194 2508 273 2532 των
294 2486 428 2532 καὶαὰ
449 2485 528 2531 ὦτα
549 2488 846 2543 προςαπώλεσεν
949 2492 1012 2529 65
1042 2492 1108 2528 Ps.
1226 2490 1278 2528 66
1308 2491 1354 2526 F.
1377 2489 1424 2525 De
1446 2500 1534 2525 mor.
1560 2487 1610 2524 12

197 2553 248 2591 67
279 2553 345 2589 Ps.
368 2550 667 2588 Sen.}1erc.rur.
690 2549 770 2588 332
850 2548 901 2587 68
934 2548 1003 2585 Βο.
1026 2547 1128 2584 Hom.
1149 2546 1246 2583 Iliad.
1271 2546 1311 2593 9,
1334 2545 1414 2583 374
1431 2557 1484 2593 sq.
1507 2556 1562 2593 ap.
1580 2543 1716 2580 Erasm.

196 2609 308 2658 Adag.
329 2608 354 2648 l.
377 2619 408 2644 e.
431 2619 494 2656 pg.
517 2606 596 2644 752
733 2606 783 2644 69
817 2606 887 2642 Βο.
912 2605 958 2640 De
979 2615 1068 2640 mor.
1092 2603 1143 2641 76
1279 2602 1333 2639 70
1362 2602 1425 2638 Ps.
1548 2600 1612 2637 71.
1647 2599 1712 2636 72.

197 2665 249 2704 73
281 2666 348 2704 Go.
371 2664 453 2701 Seu.
475 2663 519 2700 de
539 2663 640 2699 clem.
665 2663 711 2710 2,
734 2662 780 2713 3,
805 2662 840 2698 1.
868 2662 906 2708 1,
927 2660 968 2708 5,
988 2659 1014 2696 4
1158 2658 1210 2696 74
1242 2659 1296 2695 Gr
1317 2657 1354 2694 2.
1376 2657 1428 2693 Cf.
1450 2668 1558 2705 supra
1579 2668 1609 2692 v.
1633 2655 1710 2693 661

336 2721 388 2758 75
421 2721 492 2757 Bo.
513 2718 645 2756 Erasm.
669 2718 780 2767 Adag.
804 2730 839 2767 p.
863 2717 946 2755 380
1089 2715 1140 2753 76
1173 2716 1228 2752 Gr
1248 2714 1284 2750 2.
1306 2714 1406 2750 eaeo.
1428 2712 1522 2750 Balb.
1543 2712 1622 2748 Par.
1645 2712 1711 2758 65,

196 2789 258 2826 pg.
279 2777 333 2814 42
425 2777 476 2814 77
508 2776 572 2812 Ps.
661 2775 712 2812 78
745 2774 808 2812 Go.
831 2774 914 2810 Sen.
936 2772 980 2808 de
1002 2772 1104 2809 clem.
1132 2772 1168 2818 1,
1191 2770 1258 2818 22,
1281 2770 1304 2806 2
1392 2770 1443 2807 79
1476 2769 1531 2805 Gr
1551 2768 1587 2805 2.
1610 2767 1711 2805 Caec.

197 2832 291 2871 Ball).
313 2833 407 2871 Mon.
430 2832 497 2879 28,
518 2831 559 2879 4,
581 2844 642 2880 pg.
665 2830 716 2867 29
819 2830 873 2868 80
894 2829 940 2865 R.
962 2829 1045 2865 Sen.
1066 2828 1110 2864 do
1131 2827 1267 2876 provid.
1290 2826 1330 2873 4,
1355 2824 1405 2861 12
1506 2825 1557 2862 81
1590 2824 1635 2860 F.

199 2889 252 2927 82
282 2890 332 2927 R.
354 2889 436 2926 Sen.
457 2888 501 2926 de
522 2892 637 2925 const.
659 2898 734 2936 sap.
756 2886 821 2933 16,
837 2885 862 2922 4
950 2884 1002 2922 83
1034 2884 1104 2921 Βο.
1126 2883 1258 2919 Erasm.
1283 2881 1391 2930 Μῦς.
1479 2880 1531 2918 84
1563 2880 1609 2917 F.
1631 2880 1715 2917 Sen.

199 2945 303 2994 epist.
327 2944 367 2992 2,
388 2945 412 2982 6
528 2944 581 2982 85
612 2945 683 2982 Bo.
704 2942 836 2980 Erasmi
859 2941 967 2990 Adag.
