1956 3308
343 242 420 283 138
935 255 996 285 m:
1028 256 1242 288 moninus.

369 357 429 394 19.
462 356 619 394 Omnes
651 353 834 396 infantes
865 360 978 395 terra
1007 354 1144 397 nudos
1175 357 1360 413 exeipit:
1398 373 1482 401 non
1511 365 1553 402 te
1583 360 1716 415 pudet
1745 377 1829 405 sor-

465 418 608 460 didius
640 420 786 461 vivere
817 435 941 476 quam
972 421 1120 463 nasci?

367 490 429 527 20.
462 485 580 537 Quid
611 485 778 527 dulcius
809 501 935 542 quam
964 486 1120 529 habere
1151 489 1396 545 (amicum),
1434 506 1529 533 eum
1559 507 1641 548 quo
1670 493 1827 536 audeas

463 557 509 593 ut
540 558 678 593 tecum
709 553 850 594 omnia
879 554 942 594 sie
971 553 1118 610 loqui?

364 624 427 659 21.
459 618 708 673 Magnarum
739 619 896 661 virium
926 627 991 662 est
1020 618 1254 676 neglegere
1277 621 1529 665 laedentem.

364 689 427 725 22.
461 683 579 736 Quid
610 686 667 726 sis
699 685 890 740 inte1est,
922 701 1006 728 non
1036 687 1139 743 quid
1168 687 1379 730 habearis.

364 755 428 792 03.
460 751 660 803 Nondum
691 751 797 792 felix
827 767 885 804 es,
917 754 953 794 si
982 767 1067 795 non
1095 760 1138 795 te
1167 754 1294 796 turba
1323 754 1535 798 deriserit.

363 821 428 858 24.
461 816 507 859 Si
538 818 604 859 vis
634 817 784 860 beatus
815 833 922 874 esse,
954 821 1094 875 cogita
1123 820 1202 862 hoe
1231 821 1436 878 primum:
1470 823 1705 866 Contemne
1734 839 1827 869 eon-

463 884 608 925 temni.

361 954 424 991 25.
457 950 710 1007 Priusquam
730 952 968 1008 promittas,
990 952 1215 1008 deliberes,
1238 960 1280 997 et
1300 969 1395 996 oum
1415 956 1662 1012 promiseris
1682 957 1829 1001 facias.

363 1020 426 1058 26.
458 1016 509 1057 Id
545 1030 669 1072 agas,
711 1024 758 1060 ut
788 1033 841 1059 ne
871 1020 966 1075 quis
997 1021 1148 1062 merito
1178 1026 1251 1063 tuo
1282 1027 1323 1063 te
1353 1021 1506 1065 oderit.
1565 1023 1663 1065 Etsi
1692 1023 1829 1067 nullos

365 780 385 791 1

459 1084 654 1126 inimicos
685 1085 766 1127 tibi
796 1085 927 1128 faciat
956 1086 1126 1141 iniuria,
1157 1087 1314 1130 multos
1344 1087 1449 1131 facit
1478 1090 1657 1132 invidia.

362 1154 425 1191 27.
458 1149 741 1193 Solitudinem
772 1153 952 1208 quaerit,
985 1154 1058 1209 qui
1088 1153 1182 1195 vult
1212 1169 1307 1197 eum
1336 1156 1647 1198 innocentibus
1671 1156 1832 1199 vivere.

360 1221 424 1258 28.
458 1216 657 1273 Optimus
689 1218 830 1275 (ergo)
860 1221 1026 1261 animus
1056 1220 1366 1277 pulcherrimus
1399 1222 1470 1264 dei
1501 1222 1639 1265 cultus
1670 1229 1747 1265 est.

361 1288 423 1325 29.
454 1284 707 1326 Abstinebis
728 1284 867 1328 alieno
889 1288 1110 1342 sanguine,
1128 1287 1366 1331 abstinebis
1386 1289 1526 1332 alieno
1547 1290 1830 1333 matrimonio.

360 1355 424 1392 30.
454 1351 698 1393 Praestabis
737 1353 985 1409 parentibus
1023 1355 1247 1410 pietatem,
1278 1356 1476 1411 'cognatis
1507 1355 1832 1412 indulgentiam,

455 1418 603 1460 amicis
633 1418 777 1472 fidem,
809 1420 1006 1462 omnibus
1036 1421 1309 1477 aequitatem.

358 1488 423 1524 31.
454 1484 684 1527 Devitabis
714 1484 1011 1529 crudelitatem
1042 1493 1085 1530 et
1113 1488 1353 1530 ministram
1383 1488 1647 1533 crudelitatis
1678 1490 1798 1534 iram.

442 1667 491 1703 19
522 1667 653 1704 Malim
673 1679 792 1705 nonne
813 1680 897 1706 cum
919 1670 1144 1708 Schenkelio
1243 1671 1422 1708 sordidius
1443 1673 1550 1711 codd.
1574 1675 1830 1719 recentiores.-

329 1722 457 1758 sortius
487 1726 615 1769 optimi
780 1725 896 1761 vivere
931 1736 1035 1773 quam
1067 1727 1162 1763 nasci
1197 1728 1302 1764 codd.
1331 1738 1435 1765 recc.
1463 1733 1499 1766 et
1528 1729 1586 1766 Ga
1612 1741 1727 1766 manu
1754 1741 1831 1768 sec.

328 1779 423 1815 nasei
445 1789 549 1825 quam
570 1779 686 1816 vivere
707 1781 792 1817 roll.
834 1780 891 1827 Cf.
915 1781 1002 1818 Scn.
1022 1783 1068 1818 de
1085 1784 1232 1828 provid.
1256 1782 1294 1829 6,
1311 1783 1334 1820 6
1357 1781 1481 1820 ‘Nemo
1504 1789 1573 1820 tam
1594 1795 1729 1833 pauper
1748 1786 1832 1822 vivit

328 1844 431 1881 quam
460 1839 562 1870 natus
591 1835 674 1870 est’.
791 1834 845 1873 20
875 1836 948 1874 Cic.
978 1837 1083 1875 Lael.
1114 1837 1159 1883 6,
1181 1837 1232 1874 22
1269 1837 1375 1882 ‘Quid
1403 1838 1542 1876 dulcius
1573 1851 1677 1888 quam
1705 1840 1833 1878 habere

329 1889 469 1936 quicum
503 1891 619 1926 omnia
639 1890 765 1926 audeas
786 1892 837 1927 sic
857 1891 956 1941 loqui
978 1897 1016 1928 ut
1044 1898 1161 1929 tecum
1171 1893 1201 1928 ?'
1233 1893 1430 1931 Servandus
1452 1906 1540 1943 ergo
1562 1900 1616 1931 est
1637 1897 1733 1932 omni
1753 1895 1834 1933 dili-

327 1945 447 1991 gentia
481 1956 561 1981 raro
590 1947 755 1982 inventus
792 1947 922 1983 amicus
960 1949 1103 1985 addunt
1139 1950 1244 1986 codd.
1274 1959 1376 1986 recc.
1435 1951 1607 1997 Respicit
1640 1951 1832 1988 Ciceronis

327 2003 546 2037 sententiam
575 2001 661 2037 Scn.
693 2005 799 2048 epist.
828 2002 876 2050 3,
899 2002 942 2039 2:
981 2004 1081 2039 ‘Cum
1109 2003 1169 2040 illo
1200 2004 1340 2050 (amieo)
1376 2010 1444 2041 tam
1473 2005 1652 2043 audaciter
1684 2007 1832 2056 loquere

326 2066 429 2102 quam
458 2056 604 2093 tecum’.
721 2057 770 2093 21
804 2058 890 2095 Sen.
919 2060 965 2095 de
993 2060 1053 2095 ira
1082 2058 1128 2106 2,
1150 2059 1224 2106 32,
1247 2060 1270 2097 3
1311 2058 1440 2108 ‘Magni
1470 2062 1574 2097 animi
1602 2067 1657 2099 est
1684 2063 1830 2100 iniurias

326 2110 536 2158 despicere?
660 2112 711 2149 22
742 2114 789 2149 sis
811 2125 880 2151 om.
900 2116 1005 2152 codd.
1023 2120 1115 2152 vett.
1236 2115 1287 2152 23
1319 2116 1348 2151 si
1368 2115 1525 2153 nondum
1547 2116 1650 2154 turba
1670 2123 1706 2154 te
1728 2118 1827 2155 dimi·

325 2167 409 2202 serit
427 2167 579 2204 Haase:
599 2173 765 2206 ceterum
786 2173 1046 2211 tetrametrum
1067 2172 1300 2208 trochaicum
1320 2182 1395 2208 uon
1417 2183 1582 2220 a9nosco
1659 2172 1712 2210 24
1733 2173 1829 2211 Con-

325 2227 442 2258 temne
471 2225 647 2260 contemni
668 2225 876 2261 Proverbia
899 2226 950 2263 97
978 2237 1099 2273 supra
1122 2238 1184 2275 pq.
1210 2226 1307 2264 106:
1337 2232 1588 2275 contempnere
1617 2230 1829 2278 contempni

325 2279 431 2314 codd.
453 2281 600 2325 optimi,
630 2282 728 2316 unde
745 2281 918 2327 fortasse
938 2283 1039 2319 scrib
1073 2282 1266 2318 Contemne
1287 2287 1322 2318 te
1343 2284 1522 2320 contemni
1635 2283 1687 2321 25
1719 2284 1832 2322 Sexti

324 2339 418 2369 sent.
441 2333 493 2371 85
522 2332 694 2371 ‘Delibera
722 2337 926 2384 priusquam
953 2348 1057 2386 agas,
1085 2342 1121 2374 et
1147 2342 1335 2386 antequam
1363 2348 1445 2387 agas
1474 2338 1621 2387 provide
1651 2338 1753 2388 quale
1781 2341 1828 2377 sit

326 2389 421 2436 quod
457 2389 612 2426 facturus
641 2390 707 2427 es.'
877 2392 927 2429 26
967 2393 1097 2430 multos
1127 2397 1243 2430 tamen
1272 2392 1355 2430 facit
1385 2393 1413 2430 S
1594 2394 1645 2432 27
1685 2399 1829 2444 quaerat
1862 2427 1866 2432 .

325 2446 431 2481 codd.
460 2456 557 2481 recc.
728 2446 778 2484 28
809 2458 898 2496 ergo
927 2459 995 2485 om.
1027 2450 1132 2486 codd.
1163 2459 1281 2486 recc..·
1309 2449 1362 2496 cf.
1394 2450 1447 2486 ad
1473 2449 1496 2496 S
1529 2450 1580 2488 10
1709 2449 1826 2487 cultus

325 2501 506 2537 Proverb
530 2500 554 2537 4
583 2511 702 2548 supra
730 2514 790 2551 p9.
815 2503 888 2550 90,
916 2504 1033 2541 cultor
1061 2506 1221 2542 codices.
1263 2504 1499 2553 Sent.Pylh.
1531 2505 1825 2553 ap.10an.1>a-

323 2567 440 2593 masc.
464 2557 502 2602 9,
522 2568 583 2605 p9.
599 2557 680 2595 640
700 2556 819 2594 θυσία
841 2558 896 2610 τῷ
916 2557 1001 2611 θεῷ
1021 2555 1156 2608 γνώμη
1175 2550 1322 2610 ἀγαθή.
1365 2560 1420 2608 Cf.
1442 2561 1540 2598 Hor.
1563 2571 1682 2598 carm.
1698 2560 1738 2607 3,
1758 2559 1823 2607 23,

327 2612 376 2647 17
493 2611 543 2649 29
574 2612 689 2650 alieno
717 2615 889 2663 sanguine
919 2615 1110 2653 abstinebis
1132 2628 1198 2653 om.
1222 2618 1349 2665 vu1905
1382 2617 1450 2653 sed
1467 2616 1521 2664 cf.
1542 2615 1717 2653 lactant.
1738 2618 1823 2652 inst.

325 2667 437 2712 5,10
458 2666 661 2712 ‘Quomodo
682 2671 774 2705 enim
795 2671 967 2719 sanguine
989 2671 1246 2708 abstinebunt.
1295 2670 1504 2720 ‚quomodo
1524 2670 1727 2720 pudicitiam
1749 2675 1826 2707 tue-

324 2722 495 2759 huntur?
611 2724 664 2761 30
694 2724 951 2774 indulgentiam
972 2728 1106 2789 amicis,
1127 2738 1269 2775 operam
1291 2726 1440 2774 civibus,
1460 2725 1565 2763 fidem
1587 2726 1690 2762 etiam
1711 2725 1824 2763 hosti·

324 2777 389 2813 hus
411 2778 452 2813 P.
511 2779 632 2816 Isocr
656 2782 708 2816 ad
725 2781 879 2818 Demon.
905 2782 953 2818 16
982 2793 1071 2827 τους
1098 2777 1169 2831 μὲν
1196 2773 1317 2827 θεους
1349 2778 1496 2829 φοβοῦ,
1526 2790 1616 2826 τους
1637 2776 1679 2817 δὲ
1698 2781 1825 2829 γονεῖς

325 2830 429 2880 τίμα,
452 2845 541 2878 τους
563 2830 603 2871 δὲ
624 2833 760 2883 φίλους
779 2830 980 2884 αἰσχύνου,
1001 2839 1079 2882 τοῖς
1102 2833 1144 2875 δὲ
1163 2831 1297 2886 νόμοις
1310 2833 1454 2874 πείθου
1529 2830 1822 2889 31‘1ninistram]

326 2892 470 2925 rectius
491 2896 637 2927 matrem
658 2892 839 2929 Proverb.
861 2892 914 2930 83
932 2905 994 2942 p9.
1021 2893 1111 2932 105.
