1956 3308
355 174 379 209 S'
708 223 710 225 Ι
927 194 1285 231 PROLEGOMENA.

349 282 405 324 ad
441 292 586 327 nostra
623 294 811 345 tempora
848 302 1128 350 propagatam
1159 313 1274 354 esse,
1317 305 1439 359 quasi
1469 321 1612 350 onmes
1644 311 1851 372 mimifita

350 348 510 393 fuerint
547 356 792 411 compositi,
831 365 878 400 ut
913 360 980 402 ak»
1004 377 1088 405 uno
1127 373 1368 419 agerentur.
1427 370 1493 413 Ne
1522 380 1664 417 tamen
1693 391 1850 433 arguar

349 430 438 457 rem
475 418 520 459 in
556 422 692 462 maius
730 424 927 479 auxisse,
963 427 1206 473 adscribam
1245 448 1353 489 quae
1384 436 1583 492 leguntur
1613 442 1656 483 in
1687 442 1796 487 libro
1825 461 1850 487 a

349 481 508 526 Guhlio
539 492 580 527 ct
601 487 773 530 Konero
804 490 932 544 edito,
965 494 1041 537 das
1062 495 1210 541 Leben
1234 499 1310 541 der
1332 501 1545 546 Griechen
1567 508 1655 548 und
1676 509 1847 566 Romer,

347 564 417 605 pg.
441 551 522 592 704
542 552 607 593 cd.
631 568 717 596 sec.
779 557 851 598 ‘In
881 561 991 602 omer
1010 561 1375 610 Harlekmstracht
1402 572 1539 623 spiclte
1568 574 1640 615 der
1666 577 1741 617 mit
1759 579 1849 620 dem

345 620 476 658 ersten
498 618 739 672 Rollcnfiwh
761 623 941 668 becraate
970 629 1239 674 archimimus
1260 648 1332 675 vor
1351 636 1464 678 emer
1485 637 1684 692 Gamline,
1705 644 1848 686 welche

345 683 410 723 dle
438 685 603 727 vordero
621 687 772 731 Biclme
800 705 878 733 von
908 694 979 735 der
1007 695 1192 739 lamberent
1222 703 1390 743 trmmtc.
1449 703 1572 747 Allen
1602 707 1771 762 iibriqm
1800 712 1846 752 in

345 748 416 789 der
455 749 580 793 Posse
615 754 898 805 auftretenden
935 759 1143 805 Personcn
1179 778 1319 808 waren
1357 782 1441 809 mor
1470 769 1740 818 Nebssnrollen
1774 790 1845 818 zu-

339 816 535 866 {chlesen
563 820 651 860 und
676 824 953 867 secumleerten
988 828 1047 869 sie
1075 830 1152 872 das
1181 831 1294 885 Spiel
1322 835 1390 876 des
1419 835 1730 890 Hanptactenrs
1757 857 1841 884 nur

342 881 470 923 durch
509 885 788 938 yclcycntlc’chc
828 890 1085 946 Antworten,
1130 899 1251 940 sowie
1288 900 1416 942 clarck
1456 902 1841 960 Gestt‘cnlcztt‘oncn’,

342 948 411 988 cui
441 952 677 993 sententiae
707 968 799 996 cum
820 956 904 998 alia
923 959 1206 1016 refragantur,
1238 971 1329 1006 tum
1351 967 1573 1025 inscriptio
1594 973 1709 1027 apud
1731 973 1840 1016 Gru-

341 1019 479 1056 terum
509 1016 700 1061 v01.111.
731 1021 784 1063 N.
810 1023 929 1078 1089,
961 1041 1069 1082 quae
1098 1032 1325 1087 sexaginta
1354 1035 1505 1077 mimos
1537 1037 1630 1078 sive
1650 1040 1840 1084 adlectos

341 1080 385 1120 in
415 1080 616 1124 honorem
647 1085 873 1143 Eutychae
902 1092 1161 1148 archimimi,
1194 1098 1221 1138 i.
1254 1112 1289 1140 e.
1321 1100 1528 1158 principis
1558 1106 1722 1160 gregis,
1754 1122 1840 1150 mo-

339 1157 587 1191 numentum
617 1154 816 1195 statuisse
846 1161 1040 1200 testatur.
1101 1161 1168 1203 Cf.
1191 1164 1320 1205 etiam
1349 1166 1499 1223 Pauly,
1530 1170 1837 1229 Real-Encycl.

340 1212 394 1266 V,
425 1214 493 1255 36.
524 1216 604 1270 37;
638 1217 803 1275 Grysar
831 1220 859 1263 l.
891 1221 918 1263 l.
950 1239 1020 1280 pg.
1051 1226 1119 1268 25.
1152 1229 1219 1270 26.
1251 1231 1318 1272 35.

448 1281 580 1323 Mimo
610 1284 743 1326 semel
769 1287 813 1328 in
833 1302 1032 1333 scaenam
1052 1301 1222 1351 recepto
1243 1297 1447 1352 paulatim
1467 1301 1523 1342 ad
1543 1302 1717 1347 altiores
1740 1321 1834 1363 per-

337 1345 534 1390 fectionis
578 1351 736 1405 gradus
782 1363 1034 1410 perventum
1079 1374 1172 1403 esse
1209 1363 1478 1408 crediderim.
1538 1369 1648 1411 Nam
1684 1373 1836 1428 primo,

337 1426 432 1454 cum
461 1415 614 1457 mimus
638 1425 750 1460 esset
769 1434 965 1464 acroama
986 1424 1041 1466 ab
1061 1441 1144 1469 uno
1165 1427 1307 1486 aliquo
1329 1431 1534 1477 histrione
1556 1436 1718 1479 editum
1739 1441 1832 1481 sive

336 1478 637 1524 saltatiuncula
682 1484 754 1539 (ef.
795 1486 950 1531 Festus
989 1507 1030 1548 p.
1062 1493 1143 1535 326
1182 1495 1248 1536 ed.
1280 1497 1520 1556 Muelleri)‚
1565 1503 1610 1543 in
1647 1511 1838 1548 extrema

272 1572 282 1580 .
335 1559 512 1587 scaenae
542 1563 615 1590 ora
643 1551 851 1606 agebatur
879 1563 978 1598 ante
1012 1559 1229 1604 aulaeum:
1262 1570 1372 1619 post,
1404 1579 1499 1607 cum
1529 1569 1648 1610 mimi
1676 1572 1760 1613 iam
1780 1573 1835 1614 ad

334 1607 569 1666 legitimam
598 1616 838 1660 fabularum
868 1621 1048 1665 formam
1077 1629 1359 1672 accessissent
1389 1638 1430 1673 et
1460 1647 1736 1688 personarum
1757 1654 1832 1680 nu-

333 1692 448 1720 mero
486 1680 532 1721 in
562 1681 653 1724 dies
692 1694 908 1729 crescente
946 1691 1153 1748 ampliore
1191 1698 1330 1752 spatio
1362 1714 1468 1754 opus
1500 1708 1635 1756 esset,
1675 1719 1834 1747 novum

331 1745 418 1786 veli
447 1761 598 1802 genus,
631 1751 746 1805 quod
776 1753 984 1809 siparium
1014 1760 1240 1815 vocabant,
1271 1764 1437 1806 mediae
1467 1781 1645 1810 scaenae
1674 1771 1735 1812 ita
1756 1773 1829 1815 ob—

333 1810 506 1854 ductum
538 1821 622 1869 est,
653 1823 700 1858 ut
728 1819 773 1860 in
803 1823 1013 1865 exteriore
1042 1827 1137 1867 sive
1165 1830 1308 1871 antica
1336 1839 1458 1887 parte
1486 1838 1725 1890 proscaenii
1754 1840 1830 1880 mi·

332 1878 429 1919 mici
453 1879 682 1924 histriones
703 1875 990 1940 spectatorum
1014 1892 1184 1934 turbam
1206 1895 1481 1953 oblectarent,
1510 1908 1607 1956 post
1627 1903 1831 1959 siparium

330 1950 472 1986 autem
510 1946 659 1990 eodem
697 1957 907 2008 tempore,
948 1970 1054 2011 quae
1093 1959 1148 2000 ad
1187 1962 1342 2004 iustam
1374 1964 1562 2007 fabulam
1592 1971 1830 2013 scaenicam

304 2014 571 2055 *necessaria
609 2023 750 2070 erant,
790 2028 1052 2075 pararentur.
1113 2025 1207 2069 Hoc
1245 2029 1414 2084 quando
1452 2033 1633 2088 primum
1667 2035 1829 2079 factum

329 2078 386 2119 sit
423 2080 575 2135 quisve
611 2082 741 2126 fuerit
771 2086 918 2142 siparii
948 2090 1167 2145 inventor,
1205 2109 1328 2137 nemo
1359 2105 1550 2140 veterum
1579 2092 1827 2145 nominatim

328 2145 532 2200 prodidit,
564 2149 636 2202 (cf.
668 2149 757 2192 Cic.
789 2151 843 2194 de
872 2169 992 2210 prov.
1024 2159 1183 2200 consul.
1215 2163 1240 2213 ξ
1275 2163 1344 2215 14,
1376 2178 1484 2219 quae
1514 2168 1648 2209 oratio
1679 2168 1825 2211 habita

329 2217 394 2252 est
422 2226 533 2254 anno
563 2229 603 2255 u.
635 2229 671 2256 c.
702 2217 802 2275 698)
840 2233 918 2261 nec
946 2225 1229 2267 recentiorum
1260 2229 1506 2285 quisquam,
1544 2232 1656 2288 quod
1693 2235 1823 2277 sciam

328 2278 572 2321 coniectura
607 2285 778 2339 assequi
815 2293 990 2330 conatus
1029 2298 1115 2332 est:
1160 2292 1235 2334 sed
1273 2293 1326 2335 de
1364 2310 1517 2338 scaena
1552 2298 1607 2339 ad
1635 2301 1823 2355 agendos

326 2343 478 2386 mimos
508 2346 808 2403 amplificanda
837 2354 997 2409 optime
1026 2357 1231 2400 meruisse
1260 2359 1493 2403 Publilium
1523 2364 1715 2420 equidem
1747 2383 1823 2426 pro

326 2418 540 2467 comperto
570 2413 719 2457 habeo.
778 2417 831 2459 Id
860 2419 1001 2475 ipsum
1029 2423 1270 2478 significare
1292 2426 1682 2479 voluissePlinium
1702 2441 1820 2489 puto,

325 2490 420 2518 cum
449 2491 620 2522 scaenae
649 2483 837 2526 mimicae
865 2488 1109 2530 cmzditorcm
1138 2491 1393 2548 appellaret,
1431 2494 1628 2552 idemque
1657 2513 1819 2542 summo

325 2557 450 2599 opere
487 2546 641 2601 miror,
680 2548 918 2606 Grysarum
956 2553 1021 2595 his
1061 2556 1204 2599 verbis
1245 2559 1469 2616 deceptum
1499 2562 1709 2618 Publilio,
1746 2565 1817 2607 ho·

324 2610 429 2651 mini
467 2612 659 2668 privato,
697 2616 770 2671 qui
799 2631 938 2674 neque
974 2622 1231 2666 architectus
1269 2640 1406 2682 neque
1442 2627 1595 2685 amplis
1626 2631 1819 2674 fortunae

324 2678 571 2720 muneribus
602 2688 775 2723 ornatus
807 2691 938 2739 esset,
973 2687 1151 2741 gloriam
1183 2690 1339 2735 theatri
1367 2693 1528 2736 conditi
1560 2696 1816 2752 vindicasse,

323 2744 402 2784 etsi
440 2745 623 2800 primum
653 2747 903 2806 Pompeium
941 2767 1050 2796 anno
1079 2756 1135 2798 55
1163 2771 1201 2798 a.
1232 2757 1332 2800 Chr.
1372 2762 1631 2807 ‘mansuram
1667 2764 1816 2808 theatri

320 2809 452 2851 sedem
472 2814 681 2865 posm'sse'
711 2808 816 2859 satis
846 2822 1029 2863 testatur
1058 2821 1230 2866 Tacitus
1260 2824 1315 2867 ab
1346 2839 1438 2868 cxc.
1469 2828 1524 2870 D.
1546 2829 1598 2871 A.
1626 2830 1689 2883 14,
1710 2831 1778 2873 20.
