1956 3308
381 218 435 259 58
945 224 1301 257 rnonsoounm.

385 342 467 384 quo
508 341 650 369 errore
679 326 901 370 inductum
929 326 1154 382 scripsisse
1175 326 1270 379 pati
1298 339 1376 381 pro
1406 339 1476 379 ee,
1514 324 1629 380 quod
1659 325 1703 367 in
1730 324 1873 367 arche-

384 401 488 451 typo
517 395 753 444 invenerat,
781 394 926 445 facere.

491 461 719 501 Caesuram
757 465 852 514 post
890 458 1063 500 tertium
1099 458 1310 512 iambum,
1332 464 1431 514 ‘qua
1465 457 1622 499 senarii
1661 456 1875 500 dimidiati

380 525 691 577 dissolvuntur,
737 523 866 579 vulgo
911 524 1104 566 damnari
1148 524 1218 566 vel
1257 531 1370 566 certe
1413 523 1649 580 vituperari
1685 530 1870 566 constat:

381 606 487 648 quac
517 593 623 633 ratio
654 605 779 647 saepe
809 591 1063 632 emendandi
1093 590 1320 633 consilium
1342 590 1439 632 aliis
1461 605 1517 631 ex
1536 590 1673 632 causis
1694 590 1875 646 petitum
1953 570 1956 622 ἶ

381 658 659 699 confirmavit.
718 657 783 699 Cf.
807 672 847 698 v.
869 658 936 699 68.
963 658 1053 699 132.
1078 658 1168 699 143.
1219 657 1272 698 V.
1294 657 1373 699 601
1405 671 1491 699 non
1518 656 1873 714 acquiescendum
1952 662 1956 665 '

382 732 470 766 crat
499 725 544 766 in
573 725 835 766 coniectura:

603 828 686 866 Sibe·
714 829 787 875 ipsi
813 828 1050 875 supplicium,
1077 824 1083 877 Ι
1109 838 1218 874 quem
1246 827 1404 865 admissi
1425 828 1607 875 paenitet,

379 924 455 965 sed
492 924 748 980 transposito
784 923 1032 980 pronomine
1062 921 1242 964 relativo
1273 921 1510 978 elegantiae
1540 937 1687 965 versus
1718 937 1866 964 consu·

380 989 564 1030 lendum.
623 990 770 1045 Neque
806 997 947 1031 tamen
976 996 1023 1031 ut
1059 989 1164 1030 haee
1193 1003 1368 1031 caesura
1395 989 1556 1047 ubique
1584 995 1875 1032 removeretur

379 1056 570 1110 contigit.
630 1055 694 1098 Of.
727 1071 767 1096 v,
803 1057 865 1097 15.
897 1056 964 1098 60.
999 1055 1090 1098 192.
1120 1056 1215 1098 361.
1245 1056 1340 1100 491.
1370 1055 1453 1098 542
1474 1062 1516 1098 et
1544 1070 1585 1097 V.
1607 1056 1702 1098 200.
1763 1055 1872 1098 Con·

382 1123 510 1163 trario
554 1122 680 1163 modo
724 1123 770 1163 in
813 1122 1071 1163 tetrametris
1115 1122 1366 1176 trochaicis,
1412 1123 1448 1164 si
1491 1123 1564 1179 qui
1607 1123 1875 1165 coniecturae

382 1203 459 1243 ope
489 1188 762 1243 indigebant,
805 1202 978 1244 operam
1007 1188 1304 1243 dedimus‚-ut
1334 1203 1508 1231 caesura
1539 1194 1652 1231 esset
1681 1188 1873 1244 legitimo

378 1254 483 1307 loco,
515 1254 561 1295 id
591 1261 653 1296 est
683 1260 779 1311 post
809 1254 961 1311 pedem
991 1261 1202 1311 quartum.
1260 1255 1329 1297 Cf.
1359 1270 1402 1297 V.
1427 1255 1519 1298 126.
1544 1255 1636 1298 155.
1657 1255 1753 1298 381.
1774 1255 1870 1298 479.

379 1321 473 1362 6352
505 1321 636 1376 (638).

488 1388 533 1442 3)
564 1387 818 1443 Priusquam
856 1387 916 1429 de
957 1402 1192 1430 sermone
1228 1387 1453 1430 Publilii
1491 1388 1708 1443 dicamus,
1750 1386 1872 1430 refel-

377 1451 502 1494 lenda
531 1459 595 1494 est
625 1453 889 1509 quoiundam
918 1455 1082 1511 opinio,
1120 1456 1194 1511 qui
1222 1455 1335 1497 hunc
1371 1462 1541 1512 poetam
1570 1470 1641 1498 ore
1671 1455 1868 1497 Enniano

380 1517 448 1559 Vel
468 1518 666 1562 Plautino
696 1519 883 1562 locutum
915 1535 1008 1563 esse
1038 1521 1122 1563 sibi
1141 1521 1322 1578 aliisque
1343 1528 1664 1578 persuaserunt:
1695 1523 1872 1566 circum-

377 1580 596 1627 feruntur
601 1587 714 1628 enim
744 1588 788 1628 in
818 1588 1078 1642 editionibus
1108 1588 1267 1630 multae
1296 1589 1456 1631 formae
1475 1589 1751 1646 antiquiores,
1782 1590 1871 1646 qui-

378 1652 455 1692 bus
486 1651 767 1694 Ciceroniana
795 1659 913 1695 aetas
943 1653 1160 1696 abstinere
1189 1655 1458 1709 adsueverat,
1488 1657 1566 1698 siet
1591 1670 1634 1697 V.
1658 1656 1753 1698 396.
1774 1657 1871 1710 430,

370 1719 523 1771 possiet
551 1719 650 1770 379,
683 1721 795 1772 potis
822 1724 881 1762 est
914 1721 1018 1775 656,
1050 1723 1204 1764 credier
1231 1721 1307 1776 27,
1346 1724 1601 1765 dominarier
1628 1722 1734 1776 213,
1773 1723 1872 1765 obli-

377 1786 520 1826 viseier
548 1785 650 1837 305,
687 1788 888 1828 mutarier
917 1787 1018 1841 3793
1058 1802 1099 1828 v.
1129 1788 1213 1830 230
1241 1792 1386 1831 causat
1419 1803 1495 1845 pro
1526 1791 1723 1831 causatur
1759 1789 1871 1845 posi-

377 1856 467 1891 tum
496 1850 682 1893 Publilio
713 1852 944 1909 imputavit
973 1853 1256 1908 Ribbeckius,
1289 1870 1330 1896 V.
1352 1855 1432 1897 347
1463 1859 1550 1897 tam
1579 1869 1629 1896 ea
1658 1854 1870 1910 significa—

378 1917 512 1969 tione,
550 1923 598 1958 ut
635 1916 749 1959 idem
788 1918 928 1961 valeat
957 1920 1071 1976 quod
1101 1925 1256 1974 tamen,
1293 1921 1472 1964 Bothius
1501 1921 1648 1964 addito
1686 1925 1873 1964 ‘versum

377 1993 485 2025 esse·
500 1983 680 2025 alicuius
703 1998 756 2026 ex
784 1987 1119 2029 vetustioribus’.
1179 1987 1265 2030 Sed
1286 1987 1412 2029 valde
1433 1987 1662 2031 dolendum
1682 1987 1873 2031 absolata
1949 2015 1956 2027 ι

378 2048 451 2090 illa
480 2065 689 2106 nusquam
720 2050 806 2106 legi
835 2053 881 2093 in
909 2053 1152 2108 codicibus,
1185 2055 1270 2096 nisi
1299 2055 1410 2097 forte
1439 2069 1480 2096 v.
1511 2055 1563 2097 27
1594 2055 1640 2096 in
1668 2054 1871 2098 librorum

377 2115 665 2172 discrepantia
694 2120 852 2161 credere
881 2126 923 2161 ct
952 2122 1062 2162 credi
1090 2120 1438 2176 vestigia-latent
1467 2122 1671 2163 infinitivi
1696 2122 1871 2173 credier,·

376 2182 519 2237 itaque
559 2184 699 2238 prisca
737 2186 942 2227 sermonis
991 2192 1183 2228 vetustas
1222 2186 1456 2230 editoribus
1497 2187 1695 2229 ultimum
1729 2188 1870 2244 potius

375 2247 591 2302 refugium
621 2249 752 2292 fuisse
782 2251 976 2306 videtur,
1008 2253 1202 2309 quotiens
1232 2260 1280 2295 ut
1307 2253 1432 2295 aliter
1461 2269 1516 2296 ex
1545 2252 1870 2296 difficultatibus

375 2328 419 2354 se
450 2314 702 2370 expedirent
737 2331 821 2358 non
852 2319 1047 2373 contigit.
1108 2318 1230 2371 Quae
1259 2335 1305 2361 re
1335 2334 1439 2362 vera
1469 2321 1738 2377 antiquitatis
1766 2320 1868 2363 ima-

375 2380 518 2434 ginem
556 2381 762 2437 referant,
801 2398 937 2439 pauca
971 2385 1201 2427 admodum
1231 2393 1350 2441 sunt3
1392 2401 1433 2428 V.
1463 2387 1547 2429 434
1575 2387 1753 2438 addecet,
1787 2385 1870 2428 624

374 2450 456 2497 sat,
494 2447 573 2488 411
598 2462 763 2502 perpes,
803 2457 845 2491 et
874 2451 1013 2506 ipsum
1044 2452 1216 2508 quidem
1247 2453 1490 2495 coniectura
1520 2452 1762 2506 inductum,
1792 2450 1869 2494 sed

375 2515 615 2555 neccssaria
644 2515 698 2556 ob
728 2523 929 2570 metrum3
961 2518 1122 2574 pariter
1146 2514 1267 2573 ⁴maye
1296 2526 1338 2562 et
1357 2523 1454 2574 pote
1478 2519 1524 2561 in
1544 2518 1762 2561 codicibus
1781 2516 1868 2574 ple-

374 2593 550 2635 rumque
579 2588 778 2638 corrupta
806 2583 851 2623 in
880 2585 1014 2636 mayis
1043 2592 1085 2626 et
1106 2589 1250 2639 potest,
1281 2601 1307 2627 a
1336 2592 1470 2628 metro
1499 2585 1732 2628 firmantur.

486 2646 547 2688 Ut
574 2654 716 2688 autem
745 2648 800 2690 ab
830 2648 1032 2691 obsoletis
1061 2651 1292 2705 abstinuit,
1331 2653 1414 2706 ita,
1452 2653 1495 2693 in
1526 2650 1748 2694 sententiis
1777 2649 1866 2706 qui-

376 2710 491 2763 dem,
529 2727 554 2753 a
589 2714 800 2756 novandis
837 2730 1004 2772 quoquc
1039 2717 1198 2759 verbis.
1255 2718 1326 2760 Ad
1363 2717 1605 2772 ornandam*
1632 2716 1864 2765 orationem

375 2791 458 2818 non
489 2779 549 2819 ita
577 2778 823 2835 frequenter
852 2797 953 2823 usus
985 2790 1049 2825 est
1077 2783 1395 2838 allitteratione,
1431 2798 1473 2825 v.
1502 2784 1585 2826 246
1610 2783 1731 2837 fortis
1755 2782 1868 2835 felix,

374 2843 458 2885 494
483 2845 595 2914 (lecto
620 2847 791 2902 sranyo,
822 2848 903 2891 668
933 2850 1047 2892 dolor
1074 2851 1284 2902 damnum,
1315 2864 1525 2907 nusquam
1552 2847 1860 2903 homoeoteleu-
