1956 3308
372 264 448 305 102
779 275 980 305 PUBLILII
1012 275 1113 306 SYRI
1145 274 1448 306 SENTENTIA&

475 374 603 426 Quod
632 375 783 416 timeas
814 375 938 415 citius
969 388 1092 429 quam
1125 373 1240 429 quod
1269 388 1412 430 speres
1444 377 1601 418 evenit.

476 440 604 492 Quod
636 440 728 481 vult
758 440 971 496 cupiditas
1001 440 1175 494 cogitat,
1206 454 1290 480 non
1320 439 1433 497 quod
1463 441 1598 485 decet.

477 506 699 562 Quidquid
730 507 911 559 conaris,
942 520 1024 562 quo
1055 507 1279 562 pervenias
1311 507 1488 562 cogites.

366 579 447 615 510
477 573 564 624 Qui
593 572 701 613 benc
731 571 985 626 dissimulat,
1017 572 1143 614 citius
1175 573 1346 614 inimico
1376 581 1514 616 nocet.

477 638 603 690 Quod
635 653 801 694 semper
830 645 895 680 est
924 645 1134 695 paratum,
1166 653 1251 680 non
1280 653 1447 695 semper
1475 642 1610 684 iuvat.

479 705 789 760 Quodcumque
819 704 944 758 celes,
976 695 1069 761 ipse
1098 704 1180 746 tibi
1210 705 1286 746 fias
1318 709 1458 747 timor.

476 772 563 824 Qui
594 770 887 812 iusiurandum
918 778 1077 825 servat,
1108 772 1262 827 quovis
1293 774 1506 828 pervenit.

475 837 603 890 Quod
632 844 749 879 aetas
779 838 934 879 vitium
963 839 1118 894 posuit,
1148 844 1266 879 aetas
1295 839 1477 881 auferet.

366 910 445 946 515
477 904 798 959 Quemcumque
829 905 994 959 quaerit
1025 903 1259 958 calamitas,
1291 904 1418 946 facile
1447 906 1626 949 invenit.

476 970 604 1022 Quod
635 971 760 1026 periit
791 971 938 1026 quaeri
967 977 1079 1027 pote,
1110 971 1311 1027 reprendi
1341 986 1425 1014 non
1454 979 1608 1028 potest.

475 1037 617 1088 Quam
648 1037 850 1077 miserum
880 1036 1067 1078 officium
1097 1043 1175 1090 est,
1207 1038 1319 1093 quod
1347 1053 1586 1081 successum
1608 1054 1694 1082 non
1715 1039 1864 1082 habet!

474 1102 616 1154 Quam
647 1103 775 1143 miser
804 1109 882 1156 est,
914 1104 1034 1144 cuius
1066 1104 1233 1158 ingrata
1262 1110 1327 1146 est
1355 1106 1672 1148 misericordia!

473 1169 614 1221 Quam
643 1170 844 1210 miserum
875 1176 939 1211 est
968 1171 1063 1224 cogi
1093 1170 1345 1225 opprimere,
1377 1186 1500 1227 quem
1531 1171 1699 1214 salvum
1730 1172 1864 1214 velis!

364 1241 445 1278 520
475 1236 612 1288 Quem
641 1235 756 1276 fama
785 1235 916 1276 semel
946 1237 1172 1293 oppressit,
1203 1237 1281 1278 vix
1311 1238 1566 1280 restituitur.

476 1301 604 1353 Quod
635 1302 679 1342 vi
709 1302 932 1357 contingit,
965 1303 1042 1343 vix
1071 1302 1333 1359 voluptatem
1363 1305 1488 1360 parit.

473 1368 614 1420 Quam
643 1368 843 1410 miserum
873 1374 951 1421 est,
983 1369 1028 1410 id
1058 1369 1171 1425 quod
1201 1371 1325 1426 pauci
1355 1370 1514 1412 habent
1542 1371 1760 1413 amittere!

475 1435 563 1487 Qui
593 1435 637 1475 in
668 1449 768 1476 vero
800 1434 981 1488 dubitat,
1012 1435 1122 1477 male
1151 1437 1243 1492 agit
1272 1450 1369 1477 cum
1399 1436 1624 1479 deliberat.

477 1500 564 1552 Qui
594 1501 716 1542 timet
743 1502 940 1555 amicum,
971 1503 1133 1544 amicus
1163 1509 1210 1544 ut
1238 1504 1387 1544 timeat
1416 1502 1553 1546 docet.

367 1573 445 1609 525
479 1566 592 1618 Quoi
622 1566 725 1622 quid
755 1566 1063 1609 vindicandum
1095 1575 1174 1621 est,
1205 1570 1341 1611 omnis
1371 1566 1532 1626 optima
1562 1576 1627 1612 est
1656 1571 1838 1613 oecfisio.

478 1632 619 1685 Quam
649 1634 850 1674 miserum
879 1634 1090 1676 auxilium
1119 1641 1197 1689 est,
1227 1635 1302 1677 ubi
1331 1643 1455 1678 nocet
1485 1636 1601 1693 quod
1631 1637 1838 1679 sustinet!

476 1699 563 1751 Qui
592 1706 691 1756 pote
721 1700 946 1742 consilium
975 1700 1138 1756 fugere,
1167 1715 1318 1757 rapere
1349 1701 1464 1744 idem
1493 1708 1650 1759 potest.

371 1881 546 1908 comens
576 1882 606 1906 v.
630 1870 868 1908 501—568:
899 1872 936 1907 F
953 1870 1020 1918 (T)

477 1958 551 1996 511
588 1960 682 1995 iuvat
710 1960 879 2006 Inyolst..·
907 1961 998 1996 vivat
1019 1961 1072 2001 F,·
1105 1959 1158 2007 cf.
1189 1973 1220 1997 v.
1243 1960 1318 1997 572
1441 1961 1520 2007 512
1563 1963 1718 1999 Versum
1746 1964 1866 1999 omisit

367 2017 487 2051 editor
514 2015 667 2062 Inyolsl.
699 2016 796 2051 uncle
826 2016 930 2051 deest
956 2018 994 2051 in
1023 2016 1192 2052 omnibus
1221 2017 1457 2053 editionibus,
1569 2014 1682 2067 celes]
1713 2019 1760 2054 de
1779 2028 1867 2054 con-

365 2072 528 2107 ium-tivo
549 2073 585 2106 iu
607 2072 774 2106 secunda
793 2081 960 2116 persona
983 2071 1036 2118 cf.
1059 2083 1090 2107 v.
1115 2070 1216 2116 530;
1247 2071 1362 2108 caeles
1384 2072 1419 2107 F
1523 2073 1602 2109 515
1634 2083 1868 2121 quoscunque

365 2140 396 2161 c.
420 2137 454 2173 q.
476 2126 498 2161 s.
520 2126 698 2173 repperiet
723 2126 755 2161 T
863 2126 942 2163 516
972 2127 1076 2174 periit
1097 2131 1132 2163 et
1152 2132 1236 2174 pote
1258 2127 1418 2163 Gruter.-
1449 2129 1564 2176 perit,
1585 2133 1705 2176 potest
1724 2128 1762 2164 F

366 2181 532 2228 reprendi
553 2181 711 2227 Inyolst.
732 2181 943 2229 reprehendi
966 2182 1002 2217 F
1101 2179 1190 2231 non]
1212 2181 1305 2218 haud
1328 2181 1483 2230 Inqolst.
1598 2182 1677 2220 517
1709 2182 1863 2220 officium

367 2241 421 2272 est
442 2237 603 2286 Gruter.-
634 2241 687 2272 est
709 2236 768 2272 oss'.
791 2237 837 2282 F,
866 2236 1021 2272 officium
1043 2237 1199 2285 Inqolsl.
1228 2238 1275 2274 Ac
1296 2237 1350 2284 cf.
1373 2250 1405 2274 v.
1428 2237 1518 2275 504.
1541 2238 1634 2275 518.
1657 2238 1750 2275 519.
1772 2237 1864 2275 522.

367 2292 457 2327 526.
488 2291 580 2327 546.
611 2291 703 2327 549.
735 2291 826 2328 555.
849 2292 942 2329 560.
967 2291 1059 2328 562.
1192 2292 1271 2329 518
1303 2293 1408 2328 miser
1435 2293 1606 2341 Inquit-t..-
1634 2294 1799 2330 miserum
1820 2293 1866 2340 F,

367 2351 587 2393 corruptum
610 2358 660 2383 ea:
682 2359 712 2383 v.
736 2346 815 2383 519
948 2348 1004 2383 cui
1026 2347 1167 2384 Gruter
1297 2348 1375 2384 mis.
1397 2353 1454 2384 est
1474 2347 1627 2397 Inyolsl.
1650 2351 1757 2397 vulyo

367 2402 446 2438 519
478 2413 581 2449 quem
603 2402 772 2449 Inyolsl..·
794 2413 897 2450 quam
918 2403 974 2443 F,-
1003 2403 1056 2449 cf.
1081 2415 1110 2439 υ.
1134 2402 1213 2439 359
1319 2402 1398 2439 521
1429 2400 1453 2425 *
1474 2405 1505 2440 vi
1526 2405 1703 2452 contingit
1724 2405 1796 2440 vix:
1827 2404 1860 2440 vi

367 2458 588 2504 contingitur
608 2458 654 2503 F,
676 2459 774 2493 mala
797 2468 975 2503 caesura,
998 2459 1052 2493 vix
1073 2459 1264 2506 contingit,
1286 2459 1338 2494 vix
1361 2459 1514 2506 Gruter,
1536 2460 1590 2496 vix
1610 2457 1802 2507 contingit,
1825 2463 1864 2495 ut
1925 2504 1927 2506 q

370 2513 546 2558 Baebius,
576 2514 628 2548 vix
650 2513 826 2559 contingit
856 2524 960 2560 quam
990 2516 1086 2550 coni.
1107 2514 1142 2549 J.
1168 2513 1278 2560 Casp.
1303 2513 1480 2551 eremus.
1539 2514 1599 2562 Cf.
1622 2527 1653 2554 v.
1675 2514 1755 2552 365

477 2567 557 2605 524
589 2569 646 2615 Cf.
672 2580 702 2604 υ.
723 2567 806 2605 540
916 2565 1039 2618 docet]
1063 2569 1142 2604 facit
1165 2569 1285 2611 Bothe
1398 2569 1478 2606 525
1508 2569 1597 2614 Quoi
1618 2569 1703 2617 quid
1724 2571 1868 2615 scripse·

368 2634 450 2659 cum
473 2624 690 2669 Ribbeclcio,
711 2634 758 2668 ne
781 2634 911 2660 versus
929 2625 1013 2661 loco
1033 2629 1264 2661 moveretur:
1285 2624 1452 2672 quicquid
1473 2625 1518 2671 F,
1539 2625 1595 2661 cui
1616 2623 1699 2672 quid
1720 2624 1864 2660 Gruter

478 2679 591 2714 omnis
621 2679 781 2715 Gruter.-
810 2692 875 2715 om.
899 2680 935 2714 F
1044 2680 1183 2716 occasio
1213 2684 1268 2716 est
1288 2679 1442 2728 Inyolst.
1474 2691 1507 2715 o.
1537 2680 1569 2716 ei
1597 2689 1672 2716 occ.
1701 2684 1756 2715 est
1777 2679 1865 2716 Rib-

369 2735 542 2779 beatius,
572 2746 606 2770 o.
629 2734 677 2770 illi
708 2746 782 2770 occ.
806 2741 860 2770 est
886 2735 923 2770 T.
946 2735 1075 2771 Faber
1206 2734 1286 2772 526
1319 2734 1376 2782 Cf.
1399 2747 1431 2772 v.
1454 2734 1534 2772 555
1665 2732 1744 2771 527
1777 2739 1862 2782 pote

370 2792 530 2825 Gruter.-
551 2795 669 2837 potest
690 2790 726 2826 F
842 2790 991 2826 consilio
1013 2790 1130 2826 furere
1152 2791 1283 2827 Bothe.
1390 2786 1413 2811 *
1432 2799 1573 2837 rapere:
1593 2799 1718 2837 sapere
1741 2790 1785 2835 F,
1806 2800 1864 2826 ea-

370 2847 451 2891 pero
472 2847 567 2880 cum‘.
593 2846 742 2881 Gruter.
803 2846 861 2892 Cf.
881 2846 958 2882 Jut.
981 2846 1138 2891 Capitol.
1161 2844 1272 2884 Maoe.
1294 2850 1331 2882 et
1352 2844 1462 2882 Balb.
1484 2843 1508 2879 2
1537 2843 1699 2880 ‘consilia
1728 2845 1864 2892 rapien-

369 2899 430 2943 da,
461 2911 530 2935 uon
561 2900 787 2947 quaerenda’.
818 2903 927 2936 (ἐσσε.
963 2901 1068 2937 ΒαΙΙ).
1090 2900 1192 2937 Μοιι.
1217 2900 1290 2946 29,
1312 2899 1335 2935 2
1361 2912 1424 2947 pq.
1449 2898 1499 2936 29
1528 2897 1764 2936 ‘occasionem
1792 2908 1863 2936 non
