1956 3308
791 862 977 918 Incerti
1018 862 1238 918 auctoris
1278 852 1424 928 liber,

637 951 725 1024 qui
765 951 923 1023 vulgo
965 950 1149 1006 dicitur
1191 953 1255 1006 de
1295 949 1587 1006 moribus*

419 1089 454 1124 1.
487 1083 624 1125 Omne
654 1087 876 1139 peccatum
904 1081 1015 1123 actio
1046 1087 1130 1135 est,
1161 1081 1273 1123 actio
1296 1086 1440 1123 autem
1461 1082 1597 1123 omnis
1618 1081 1860 1125 voluntaria

484 1156 548 1192 est
577 1155 664 1192 tam
685 1148 863 1191 honesta
883 1162 1009 1204 quam
1029 1148 1188 1204 turpis:
1221 1161 1321 1203 ergo
1342 1147 1631 1191 voluntarium
1653 1155 1718 1191 est
1737 1164 1860 1192 omne

483 1221 718 1272 peccatum.
777 1214 934 1256 Tollite
964 1215 1302 1256 excusationem:
1333 1228 1457 1256 nemo
1486 1221 1636 1272 peccat
1664 1215 1842 1259 invitus.

416 1288 453 1324 2.
485 1282 696 1324 Educatio
719 1288 760 1323 et
781 1281 1010 1338 disciplina
1030 1295 1168 1323 mores
1189 1280 1367 1335 faciunt,
1396 1287 1438 1323 et
1457 1281 1512 1323 ad
1533 1281 1580 1324 id
1599 1282 1712 1324 vivit
1730 1297 1859 1325 unus-

485 1350 685 1406 quisque,
727 1347 840 1404 quod
878 1346 1044 1390 didicit.
1104 1347 1256 1404 Itaque
1292 1347 1405 1390 bona
1441 1347 1702 1391 consuetudo
1732 1362 1858 1391 excu-

485 1422 576 1458 tere
614 1414 764 1468 debet,
804 1414 917 1470 quod
953 1414 1065 1456 mala
1095 1415 1315 1456 instruxit.
1374 1414 1491 1455 Bene
1520 1413 1714 1471 loquere,
1753 1415 1861 1458 bene

488 1482 635 1523 facias.

418 1554 457 1593 3.
488 1547 608 1589 Nihil
637 1548 829 1601 interest,
862 1562 944 1604 quo
973 1548 1116 1590 animo
1146 1547 1295 1601 facias,
1331 1548 1445 1604 quod
1474 1548 1628 1590 fecisse
1659 1549 1861 1591 vitiosum

486 1621 564 1668 est,
596 1615 695 1670 quia
742 1614 857 1656 facta
886 1620 1130 1668 cernuntur,
1161 1614 1327 1656 animus
1356 1628 1458 1656 vero
1478 1629 1564 1656 non
1583 1614 1768 1658 videtur.

418 1686 457 1722 4.
488 1680 618 1722 Nulla
639 1680 789 1736 (enim)
811 1680 903 1723 laus
935 1687 1000 1723 est
1018 1695 1103 1723 non
1125 1679 1280 1735 facere,
1311 1681 1424 1738 quod
1444 1681 1584 1723 facere
1603 1696 1689 1724 non
1708 1682 1860 1739 possis.

416 1754 453 1790 5.
485 1746 601 1800 Quid
633 1753 698 1789 est
726 1747 887 1789 homini
917 1747 1297 1790 inimicissimum?
1328 1747 1436 1790 alter
1466 1748 1603 1790 homo.

418 1819 454 1856 6.
486 1814 693 1856 Libenter
712 1813 840 1868 ferae,
858 1814 971 1870 quod
991 1828 1166 1856 necesse
1187 1819 1271 1856 est:
1293 1814 1414 1857 dolor
1433 1815 1641 1871 patientia
1660 1816 1859 1859 vincitur.

470 1950 492 1974 *
514 1952 638 1988 LIBER
660 1951 854 1988 SENECAE
876 1954 981 1989 codd.
999 1952 1168 2000 Sanqall.
1188 1952 1263 1988 141
1283 1952 1369 2000 (Ga)
1390 1958 1425 1989 el
1438 1952 1517 1991 238
1533 1950 1614 2004 (Gb)
1633 1965 1736 1991 saec.
1755 1956 1859 2002 noni,

364 2010 495 2046 collati
514 2021 536 2045 a
559 2008 648 2045 Car.
673 2008 896 2045 Schenkelio
917 2007 1095 2056 (Beitriige
1115 2019 1179 2044 zur
1199 2007 1310 2045 Kritik
1332 2008 1394 2045 des
1415 2009 1567 2056 Seneca,
1592 2009 1718 2055 1864,
1740 2021 1774 2058 p.
1796 2009 1862 2057 39)

362 2063 408 2111 (G
428 2080 483 2094 =
505 2064 768 2112 Sanyallensis
795 2062 992 2111 uterque),
1019 2062 1264 2099 PROVERBIA
1293 2063 1485 2100 SENECAE
1514 2065 1594 2101 cod.
1618 2065 1732 2103 Paris
1753 2065 1857 2103 7581

362 2131 463 2157 saec.
485 2120 525 2155 Χ
544 2118 621 2169 (S),
652 2118 778 2155 LIBER
806 2118 999 2156 SENECAE
1027 2118 1079 2154 DE
1106 2118 1413 2155 lNSTlTVTtoNE
1443 2119 1598 2156 MORVM
1627 2122 1708 2158 cod.
1730 2120 1856 2158 Paris.

360 2178 427 2212 lat.
451 2175 489 2212 S.
525 2176 613 2211 Vice.
637 2174 737 2222 672,
767 2185 869 2212 saec.
894 2174 981 2211 XII
999 2172 1087 2223 (V),
1114 2174 1240 2223 Incipit
1261 2175 1420 2211 eiusdem
1438 2175 1481 2212 de
1505 2175 1661 2212 moribus
1684 2175 1735 2213 vel
1757 2176 1859 2213 disci-

363 2231 456 2279 plina
485 2241 548 2267 seu
577 2230 688 2267 libero
716 2229 860 2267 arbitrio
890 2231 970 2267 cod.
999 2230 1125 2267 Paris.
1152 2230 1220 2267 lat.
1251 2230 1358 2268 8027
1387 2241 1489 2268 saec.
1513 2231 1574 2268 XI
1586 2231 1634 2279 V,
1663 2231 1701 2267 L.
1729 2231 1859 2268 Annaei

363 2287 517 2323 Senecae
551 2285 639 2322 liber
672 2285 716 2322 de
744 2285 921 2333 moribus,
955 2287 989 2322 in
1021 2297 1092 2334 quo
1121 2284 1323 2322 notabiliter
1350 2291 1386 2322 et
1415 2286 1598 2336 eleganter
1626 2288 1714 2324 vitae
1741 2297 1859 2324 mores

362 2347 502 2378 ennarrat
531 2342 613 2394 cod.
641 2341 764 2378 Paris.
794 2343 858 2378 lat.
890 2341 1018 2387 6391,
1054 2341 1184 2378 Seneca
1213 2341 1257 2377 de
1287 2340 1444 2378 moribus
1473 2343 1530 2379 vel
1559 2345 1728 2380 similiter
1755 2343 1859 2379 codd.

363 2398 489 2435 Puris.
511 2398 578 2434 lat.
602 2396 709 2434 6395
731 2397 783 2443 Α,
813 2397 941 2443 6379,
971 2397 1100 2443 6380,
1131 2395 1260 2444 6384,
1282 2397 1413 2444 6395,
1436 2397 1564 2444 7329,
1586 2397 1715 2444 8545,
1737 2396 1858 2444 8546,

364 2453 492 2499 8552,
518 2455 692 2500 plerique
719 2462 822 2489 saec.
851 2452 965 2499 XIV,
996 2454 1077 2490 cod.
1107 2452 1258 2489 Monac.
1287 2454 1354 2490 lat.
1387 2453 1523 2491 17290
1549 2463 1651 2491 saec.
1673 2453 1754 2491 XV

366 2510 386 2545 1
419 2508 476 2555 Cf.
499 2509 646 2546 Seneca
668 2510 774 2555 epist.
798 2508 864 2554 66,
888 2509 937 2545 16
960 2507 1086 2545 ‘Omne
1108 2508 1297 2544 honestum
1318 2507 1553 2546 voluntarium
1573 2507 1656 2546 est’.
1753 2507 1777 2544 2
1807 2508 1859 2544 in-

363 2560 511 2613 struxit]
535 2564 705 2600 incussit?
735 2563 956 2600 introduxit?
1072 2563 1130 2611 Cf.
1154 2563 1246 2600 San.
1271 2564 1350 2601 Cat.
1373 2563 1411 2611 3,
1435 2565 1455 2601 1
1480 2562 1585 2601 ‘bene
1605 2563 1741 2610 tacere,
1768 2561 1859 2600 bene

364 2618 508 2656 dicere'.
566 2620 657 2655 Bene
678 2619 780 2655 decet
801 2619 913 2667 loqui,
934 2619 1023 2656 hene
1044 2619 1148 2656 decet
1168 2619 1281 2655 facere
1303 2620 1383 2656 cod.
1406 2620 1531 2657 Paris.
1550 2619 1669 2665 6379,
1691 2619 1739 2655 al.
1758 2619 1856 2655 unde

365 2677 537 2712 Ilaasius
558 2675 649 2711 Bene
677 2674 782 2711 docet
810 2675 929 2723 loqui,
959 2676 1017 2723 qui
1039 2674 1127 2711 bene
1147 2675 1252 2711 docet
1273 2675 1386 2712 facere
1497 2674 1521 2712 3
1551 2674 1723 2711 Laetam.
1744 2675 1857 2711 instit.

366 2732 402 2775 3,
429 2731 476 2767 15
499 2731 622 2778 ‘Atqui
643 2730 728 2767 nihil
750 2731 771 2767 i.
796 2743 828 2778 q.
850 2741 880 2767 a.
903 2730 926 2767 s.
949 2742 983 2779 q.
1005 2731 1031 2767 s.
1054 2742 1085 2767 v.
1107 2735 1174 2777 est,
1196 2742 1230 2778 q.
1254 2730 1278 2767 s.
1302 2742 1331 2768 c.
1353 2742 1384 2768 a.
1404 2741 1476 2767 non
1496 2729 1543 2765 v.’
1627 2727 1653 2765 4
1683 2728 1858 2766 Laetam.

364 2787 478 2822 instit.
501 2787 539 2833 6,
561 2786 613 2823 23
635 2785 753 2822 ‘Nulla
774 2787 885 2834 igitur
905 2787 929 2822 1.
952 2792 1007 2823 est
1027 2798 1062 2823 n.
1084 2786 1108 2822 s.
1133 2797 1167 2835 q.
1192 2786 1215 2825 s.
1239 2798 1272 2824 n.
1286 2786 1339 2835 p.'
1415 2785 1439 2822 5
1472 2783 1531 2832 Cf.
1551 2785 1740 2822 Ausonius
1755 2784 1859 2832 Sept.

366 2852 447 2887 sap.
472 2846 564 2879 sent.
590 2842 626 2887 1,
649 2842 686 2878 2.
737 2842 976 2879 Anacharsis
996 2854 1057 2890 ap.
1080 2842 1178 2879 Stob.
1197 2843 1284 2889 flor.
1307 2841 1346 2888 2,
1366 2839 1432 2877 43.
1519 2841 1542 2877 6
1573 2839 1683 2877 Sexti
1701 2840 1859 2888 Pytkay.

369 2901 464 2933 sent.
488 2897 564 2933 111
587 2895 743 2944 (opusc.
765 2902 858 2934 sent.
882 2902 917 2934 et
936 2910 1026 2934 mor.
1048 2898 1104 2934 ecl.
1130 2897 1190 2935 Or.
1211 2897 1252 2944 I,
1273 2906 1339 2945 pq.
1363 2894 1458 2943 254)
1484 2894 1566 2932 ‘Fer
1593 2895 1689 2944 quod
1713 2904 1858 2933 necesse
