1956 3308
531 287 673 318 mrsu
701 286 1011 319 PUBLILIANAS
1042 287 1296 319 RECEPTAE.
1598 280 1676 322 125

268 387 411 430 Homo
441 394 586 446 tacere
616 389 691 445 qui
719 390 873 444 nescit,
904 390 1044 432 nescit
1073 388 1204 447 loqui.

268 454 465 498 Honesta
493 455 610 498 fama
638 455 792 499 melior
820 457 1003 514 pecunia
1032 463 1110 500 est.

268 522 466 571 Honesta
495 523 569 566 lex
599 530 666 566 est
694 524 902 582 temporis
932 525 1183 567 necessitas.

158 595 240 634 160
269 590 507 633 Honestius
530 597 594 633 est
615 604 713 633 cum
733 592 997 634 indicaveris
1017 607 1177 647 amare,
1195 606 1323 649 quam
1343 607 1440 643 cum
1461 594 1675 635 amaveris

594 658 801 702 iudicare.

269 725 460 769 Humilis
491 732 534 769 et
563 727 717 770 inertis
748 733 813 769 est
842 732 938 770 tuta
967 728 1137 770 sectari.

268 793 323 835 Id
352 782 469 850 agas,
499 808 555 836 ne
585 794 682 852 quis
711 800 786 837 tuo
816 800 860 836 te
889 796 1044 837 merito
1074 794 1228 837 oderit.

268 862 462 917 Ignavus
493 862 611 904 omni
641 868 782 904 cessat
812 862 950 904 omnis
981 867 1186 919 tempore.

268 928 392 984 Ignis
422 929 577 986 probat
606 944 773 983 aurum,
804 930 1005 971 miseriae
1035 929 1190 972 fortem
1219 930 1418 987 probant.

302 995 510 1052 Ignoscas
540 997 638 1039 aliis
668 996 818 1051 multa,
849 996 926 1039 sed
956 996 1064 1038 nihil
1094 997 1190 1039 tibi.
1443 990 1446 993 ’

158 1039 237 1078 165
270 996 523 1130 {Ignoscito
554 1079 683 1122 saepe
712 1063 853 1118 alteri,
882 1079 1116 1122 numquam
1146 1064 1243 1106 tibi.

267 1131 419 1187 Imago
447 1133 583 1174 animi
613 1147 753 1175 sermo
785 1137 874 1174 est:
906 1131 1046 1190 qualis
1078 1127 1144 1174 est
1172 1133 1256 1187 vir,
1286 1132 1387 1175 talis
1418 1134 1568 1175 oratio.

268 1197 505 1256 Imperium
535 1200 697 1242 habere
726 1200 795 1242 vis
825 1199 1062 1255 magnum?
1092 1200 1257 1256 impera
1284 1200 1381 1242 tibi.

268 1265 517 1310 Imbecillos
548 1266 693 1310 oculos
725 1281 834 1322 esse,
866 1267 940 1324 qui
969 1267 1026 1309 ad
1055 1266 1240 1309 alienam
1260 1266 1564 1325 lippitudinem
1586 1268 1674 1310 suf-

591 1334 848 1377 funduntur.

268 1402 322 1444 In
337 1402 466 1444 felice
481 1401 669 1445 felicitas
686 1408 751 1444 est
765 1402 1026 1455 innocentia,
1038 1403 1233 1459 nequitia
1248 1402 1342 1460 ipsa
1356 1417 1495 1460 poena
1512 1403 1578 1445 sui
1595 1409 1674 1445 est.

159 1475 239 1513 170
269 1469 323 1512 In
352 1468 565 1512 felicitate
595 1485 642 1513 se
672 1471 839 1526 erigere
870 1475 935 1512 est
964 1469 1218 1512 felicitatem
1247 1470 1513 1512 submittere.

268 1537 435 1579 Infirmi
466 1538 603 1579 animi
634 1544 700 1580 est
729 1552 816 1581 non
844 1551 973 1595 posse
1003 1536 1183 1579 divitias
1214 1538 1317 1594 pati.

267 1604 505 1648 Inhonesta
533 1619 602 1647 res
634 1611 700 1648 est
730 1620 830 1648 suos
861 1606 1058 1647 vincere:
1090 1606 1197 1648 satis
1219 1611 1285 1647 est
1304 1605 1495 1662 potuisse
1516 1605 1673 1662 puniri.

266 1671 320 1713 In
349 1671 413 1714 nil
443 1672 650 1731 sapiendo
680 1673 773 1715 vita
802 1671 1115 1714 iucundissima
1144 1678 1224 1714 est.

267 1738 452 1783 Insanus
483 1739 623 1783 omnis
654 1740 799 1782 furere
829 1739 968 1782 credit
997 1746 1175 1782 ceteros.

161 1810 239 1850 175
270 1805 412 1850 Insita
440 1807 566 1850 nobis
596 1808 734 1851 nostri
764 1808 918 1850 caritas
952 1814 1017 1850 est
1046 1807 1252 1864 corporis.

267 1873 321 1916 In
351 1875 585 1918 sterculino
616 1874 847 1932 plurimum
876 1874 1015 1931 gallus
1046 1880 1201 1932 potest.

267 1941 475 1999 Intellige
506 1957 666 2000 ecquae
695 1942 797 1997 sint,
829 1949 876 1985 ut
906 1949 948 1984 et
977 1942 1088 1985 bene
1117 1956 1220 1997 agas
1251 1940 1378 1983 bona.

266 2009 388 2052 Inter
417 2010 578 2053 amicos
609 2009 828 2052 iudicatur
857 2025 984 2067 quam
1015 2010 1213 2052 inimicos
1243 2008 1482 2051 molestius.

267 2077 320 2119 In
350 2077 582 2135 tranquillo
613 2091 708 2119 esse
739 2077 922 2135 quisque
951 2076 1214 2134 gubernator
1242 2082 1397 2133 potest.

163 2149 242 2187 180
272 2143 389 2186 Iram
420 2145 493 2202 qui
523 2146 676 2200 vincit,
707 2145 875 2187 hostem
906 2146 1081 2201 superat
1109 2144 1359 2186 maximum.

270 2211 415 2254 Iratus
447 2226 545 2254 cum
573 2211 630 2254 ad
660 2226 706 2254 se
735 2212 881 2266 rediit,
913 2211 999 2254 sibi
1028 2218 1119 2254 tum
1148 2211 1363 2255 irascitur.

270 2340 348 2378 157
379 2341 423 2378 F.
446 2340 494 2378 De
516 2352 606 2378 mor.
631 2341 710 2378 132
829 2341 908 2378 158
940 2341 984 2378 F.
1006 2340 1069 2377 Est
1088 2340 1313 2390 paraphrasis
1335 2350 1458 2377 versus
1480 2339 1560 2377 217
1638 2374 1650 2381 ,

157 2397 238 2434 159
269 2397 336 2435 Ps.
435 2397 516 2435 160
547 2397 616 2434 Go.
639 2396 722 2434 Sen.
744 2398 849 2446 epist.
873 2397 912 2444 3,
935 2396 980 2439 2,·
1001 2397 1044 2433 de
1065 2408 1156 2433 mor.
1178 2396 1231 2433 48
1343 2396 1419 2433 161
1453 2397 1501 2433 R.
1525 2395 1607 2432 Seu.
1629 2395 1673 2433 de

154 2452 297 2502 provid.
322 2452 361 2500 5,
385 2453 434 2490 11
554 2453 632 2490 162
665 2454 711 2490 Ε.
735 2453 779 2490 de
801 2464 890 2490 mor.
914 2453 966 2490 26
1084 2453 1162 2490 163
1194 2453 1239 2489 F.
1344 2452 1422 2489 164
1455 2453 1509 2489 Gr
1529 2463 1570 2489 ex
1591 2453 1670 2489 cod.

153 2508 263 2546 Palat.
305 2509 387 2546 Sen.
410 2508 454 2546 de
475 2509 613 2558 provid.
636 2509 675 2555 5,
700 2510 753 2547 10
887 2509 966 2547 165
997 2509 1045 2556 F,
1066 2509 1131 2545 Ps.
1154 2508 1201 2545 De
1222 2519 1313 2544 mor.
1339 2508 1431 2554 111,
1453 2507 1553 2544 Caec.
1577 2508 1669 2545 Balb.

153 2564 250 2602 Mon.
275 2566 313 2612 1,
332 2564 372 2612 4,
394 2576 456 2614 pg.
482 2566 548 2612 18,
570 2566 706 2602 Auson.
727 2570 864 2613 septem
886 2560 968 2613 Sap.
991 2564 1111 2601 Cleob.
1232 2564 1310 2601 166
1342 2564 1411 2600 Ρη.
1435 2564 1481 2600 De
1502 2575 1592 2600 mor.
1621 2565 1672 2603 73

270 2621 349 2660 167
382 2621 447 2658 Gr.
469 2620 638 2658 Proverb.
664 2620 759 2667 132,
779 2632 886 2670 supra
908 2633 970 2669 pg.
994 2621 1070 2657 111
1199 2620 1278 2657 168
1311 2619 1377 2656 Go.
1400 2619 1483 2656 Scn.
1505 2620 1548 2655 de
1569 2620 1671 2657 clem.
1745 2654 1759 2661 ,

155 2677 195 2725 2,
217 2677 257 2725 6,
277 2677 303 2713 4
441 2677 519 2715 169
553 2677 619 2714 Go.
643 2676 686 2714 de
708 2688 797 2713 mor.
821 2676 886 2714 63.
911 2676 975 2714 64.
1116 2676 1195 2714 170
1226 2677 1291 2713 Go.
1315 2675 1362 2711 ne
1383 2686 1473 2712 mor.
1497 2675 1549 2712 62

157 2733 233 2770 171
267 2734 312 2770 F.
335 2733 417 2770 Sen.
441 2735 546 2782 epist.
569 2733 609 2780 5,
631 2733 655 2770 6
774 2732 851 2770 172
883 2734 950 2770 Go.
973 2732 1021 2769 De
1041 2743 1131 2769 mor.
1156 2732 1222 2769 68.
1245 2732 1309 2769 69.
1416 2731 1494 2769 173
1526 2731 1596 2768 Βο.
1619 2732 1671 2768 Cf.

154 2787 298 2839 Proleg.
319 2801 382 2839 pg.
405 2789 458 2827 46
575 2788 654 2826 174
684 2789 748 2826 Ps.
769 2788 816 2825 De
837 2800 927 2825 mor.
951 2788 1003 2825 35
1122 2788 1200 2825 175
1233 2788 1274 2824 F.
1384 2787 1462 2825 176
1495 2788 1565 2824 Bo.
1586 2787 1670 2825 Sen.

155 2845 296 2893 apocol.
328 2845 368 2893 7,
389 2845 414 2883 3
494 2845 572 2883 177
604 2845 775 2893 Scaliger.
816 2844 915 2882 Sexti
935 2844 1084 2893 Pythag.
1107 2849 1200 2881 seut.
1223 2855 1241 2879 a
1262 2842 1389 2879 Rufino
1410 2842 1470 2879 lat.
1493 2854 1596 2881 conv.
1618 2844 1671 2882 49

235 2900 314 2939 178
375 2901 442 2938 Gr.
465 2901 566 2939 Caec.
589 2901 684 2938 Balb.
706 2900 784 2938 Par.
810 2900 877 2948 23,
898 2912 959 2949 pg.
983 2900 1035 2938 39
1164 2899 1242 2937 179
1274 2900 1346 2936 Bo.
1368 2898 1451 2935 Sen.
1474 2900 1579 2948 epist.
1602 2899 1671 2947 85,

157 2955 211 2994 43
301 2956 382 2995 180
410 2958 477 2995 Ps.
499 2958 546 2994 ne
567 2969 656 2995 mor.
678 2957 728 2995 81
849 2957 925 2995 181
962 2956 1027 2994 Gr.
1050 2956 1152 2993 Caee.
1175 2955 1271 2992 Balb.
1294 2955 1387 2992 Mon.
1411 2954 1450 3003 7,
1471 2955 1511 3003 3,
1531 2967 1593 3005 pg.
1618 2956 1666 2994 21
