1956 3308
353 259 407 299 :26
922 268 1280 299 PROLEGOMENA.

355 368 599 421 ediderunt,
640 383 745 425 quos
783 367 889 410 duos
926 373 1095 423 praeter
1124 367 1370 426 Fabricium
1404 370 1619 410 nominavi
1651 369 1850 425 editores,

356 435 625 477 Henricus
655 434 955 491 Stephanus
986 434 1110 476 annis
1142 434 1250 476 1564
1278 440 1321 475 et
1354 435 1473 487 1569,
1505 435 1550 476 in
1579 434 1850 490 Fragmentis

354 508 572 559 poetarum
610 507 802 543 veterum
840 500 1069 542 latinorum
1105 501 1191 542 iam
1219 515 1244 541 a
1273 500 1461 542 Roberto
1495 507 1615 557 patre
1644 502 1850 558 collectis,

353 570 420 611 vir
450 569 583 610 sobrii
613 568 779 621 iudicii,
810 567 968 623 quippe
998 568 1070 622 qui
1100 568 1322 623 perpaucis
1351 567 1541 622 exceptis
1561 570 1851 624 acquiesceret

354 636 398 676 in
428 631 654 676 sententiis
683 633 738 675 ab
767 634 948 675 Erasmo
978 633 1210 688 evulgatis,
1250 639 1292 675 et
1328 632 1635 677 Theodorus
1676 637 1849 679 Zwin-

353 715 512 755 gerus
542 715 652 742 anno
686 699 807 752 1575,
839 700 912 755 qui
941 713 1039 755 pag.
1061 700 1115 742 62
1144 706 1290 756 aperte
1319 700 1538 756 professus
1569 711 1634 744 est
1663 704 1849 746 ‘minimo

354 768 509 820 neqotio
539 767 693 809 ostendi
714 779 834 820 posse
861 767 968 808 inter
990 766 1220 809 Publianos
1247 780 1387 810 versus
1406 781 1489 809 non
1510 782 1669 821 paucos
1687 771 1851 823 spurios

353 834 554 887 reperiri',
571 833 724 889 quibus
741 832 887 874 verbis
902 831 1205 875 Panthaleonis
1227 832 1458 876 editionem
1475 834 1646 876 videtur
1664 842 1849 878 notasse.

354 900 571 955 Zwingeri
615 914 744 956 opus,
790 899 976 941 ‘Morum
1012 898 1282 956 philosophia
1303 901 1510 955 poetica,
1559 915 1614 942 ex
1657 907 1850 944 veterum

352 967 574 1022 utriusque
611 966 781 1021 linguae
816 971 1038 1022 poetarum
1073 965 1283 1007 thesauris
1314 966 1482 1009 XVIII.
1513 966 1635 1009 libris
1665 968 1850 1027 deducta

352 1032 483 1074 Basil.
517 1032 639 1092 1575’
670 1046 872 1087 magnum
901 1031 1102 1074 volumen
1131 1038 1207 1085 est,
1238 1032 1352 1088 quod
1380 1033 1436 1074 ad
1463 1034 1565 1075 1621
1597 1035 1849 1091 paginarum

351 1099 559 1141 ambitum
587 1099 789 1153 accrevit,
820 1112 900 1140 nec
928 1104 1085 1152 tamen,
1116 1104 1321 1155 quantum
1347 1099 1453 1153 vidi,
1484 1100 1592 1143 aliae
1613 1102 1850 1143 sententiae

353 1167 624 1208 continentur
662 1166 746 1208 nisi
786 1165 1075 1207 Erasmianae.
1135 1165 1370 1207 Nonnullas
1415 1165 1554 1208 editor
1596 1168 1849 1210 coniecturis

353 1233 578 1275 emendare
598 1238 774 1274 conatus
796 1238 871 1285 est,
903 1245 971 1272 ex.
991 1246 1056 1286 gr.
1077 1246 1119 1272 v.
1143 1231 1220 1274 187
1238 1232 1439 1284 feminam
1459 1237 1680 1284 maturam,
1704 1239 1746 1275 ’v.
1768 1235 1846 1276 321

353 1300 476 1341 demit
504 1303 549 1341 at
574 1300 664 1351 sibi,
697 1314 818 1355 quas,
849 1313 946 1340 cum
974 1299 1061 1340 sint
1089 1297 1247 1339 nullius
1277 1300 1426 1355 pretii,
1458 1300 1502 1341 in
1530 1307 1739 1356 apparatu
1768 1301 1847 1343 cri-

352 1367 437 1407 tico
466 1365 716 1422 plerumque
745 1365 915 1407 silentio
945 1365 1321 1420 praetermisimus.

462 1433 530 1474 De
568 1432 831 1487 Dionysio
870 1430 1178 1473 Godofredo
1215 1446 1352 1487 pauca
1381 1432 1616 1475 sufficient:
1658 1448 1757 1475 nam
1786 1435 1848 1475 in-

351 1499 461 1541 iuria
489 1500 603 1540 inter
631 1497 809 1540 Publilii
838 1497 1023 1540 editores
1051 1497 1247 1538 refertur.
1305 1498 1350 1540 Is
1381 1499 1507 1552 enim,
1539 1514 1635 1540 cum
1666 1500 1850 1542 Senecae

352 1565 594 1622 philosophi
624 1579 754 1621 opera
783 1578 892 1620 quae
922 1570 1071 1606 extant
1094 1564 1235 1605 omnia
1254 1579 1331 1606 sex
1352 1564 1642 1607 voluminibus
1664 1566 1850 1608 Basiliae

356 1632 463 1674 1590
491 1631 711 1684 edidisset,
742 1631 788 1672 in
817 1630 902 1672 vol.
932 1630 1012 1672 VI.
1042 1636 1232 1673 extremo
1261 1645 1333 1687 pg.
1355 1631 1574 1674 273—287
1605 1632 1850 1675 <proverbia

352 1699 540 1741 Semeae’
583 1697 761 1750 adiecit,
798 1712 852 1739 ne
891 1696 996 1754 quid
1033 1696 1368 1751 desideraretur,
1405 1697 1475 1739 vel
1512 1698 1625 1754 quod
1663 1700 1849 1742 incertae

351 1765 618 1807 auctoritatis
654 1770 779 1806 esset.
837 1763 906 1805 Ita
942 1763 1103 1805 factum
1140 1769 1226 1817 est,
1265 1770 1313 1805 ut
1349 1766 1581 1806 sententias
1611 1765 1848 1821 pedestres,

353 1846 460 1887 quae
489 1831 533 1872 in
563 1830 749 1873 editione
776 1836 923 1872 nostra
951 1829 1108 1872 litteris
1137 1829 1354 1873 inclinatis
1378 1844 1608 1887 expressae
1620 1838 1741 1884 sunt,
1772 1846 1850 1873 nec

352 1898 506 1939 iambis
537 1896 768 1950 clauderet,
799 1910 878 1937 nec
897 1896 1090 1949 selectas,
1121 1896 1198 1938 sed
1226 1898 1450 1939 universas
1471 1898 1693 1953 reciperet,
1725 1905 1850 1954 prout

353 1979 422 2006 eas
460 1965 505 2005 in
541 1963 760 2005 codicibus
799 1963 1145 2019 editionibusque
1182 1964 1364 2005 vetustis
1394 1970 1627 2021 repererat,
1666 1965 1849 2020 denique

352 2046 404 2072 ne
434 2030 711 2087 interpolatas
750 2029 923 2086 quidem
953 2044 1008 2071 ex
1037 2029 1224 2072 Senecae
1252 2029 1305 2072 de
1335 2030 1560 2073 clementia
1589 2030 1710 2072 libris
1741 2032 1848 2088 peti-

352 2105 418 2140 tas
448 2111 639 2139 resecare
667 2096 857 2139 auderet.
1489 2146 1496 2153 ·

465 2164 573 2206 Cum
604 2158 845 2219 Stephanus
875 2169 918 2205 et
947 2163 1201 2219 Zwingerus
1231 2164 1276 2205 in
1305 2164 1419 2205 viam
1448 2170 1606 2206 rectam
1635 2164 1690 2205 ab
1721 2164 1848 2207 Eras-

353 2247 420 2273 mo
457 2236 756 2282 monstratam,
794 2227 820 2270 a
857 2244 940 2285 qua
969 2221 1231 2272 Panthaleon
1267 2229 1529 2284 decesserat,
1566 2227 1849 2284 reflexissent,

354 2312 452 2339 ecce
489 2296 569 2338 sub
605 2295 733 2337 finem
764 2295 923 2338 saeculi
954 2295 1077 2338 XVI.
1117 2296 1304 2338 Petrus
1342 2296 1596 2338 Pithoeus
1638 2296 1776 2339 denuo
1801 2298 1849 2339 in

354 2370 543 2405 veterem
585 2376 771 2405 errorem
814 2361 1004 2418 relapsus
1049 2367 1144 2408 est„
1187 2362 1306 2404 Sicut
1347 2370 1490 2405 autem
1530 2363 1849 2418 aegrotantibus

354 2430 486 2471 febris
522 2429 714 2470 recidiva
749 2429 925 2483 gravius
961 2435 1107 2482 nocet,
1144 2429 1205 2470 ita
1233 2429 1401 2471 Pithoei
1439 2428 1680 2486 exemplum
1709 2435 1848 2486 poste-

353 2495 537 2538 rioribus
568 2494 802 2537 editoribus
831 2500 997 2537 tantum
1027 2494 1224 2551 caliginis
1244 2495 1411 2549 offudit,
1441 2503 1489 2538 ut
1507 2511 1642 2552 usque
1661 2495 1716 2537 ad
1737 2495 1849 2537 hunc

354 2561 468 2604 diem
503 2562 690 2617 vestigia
725 2562 921 2603 veritatis
958 2560 1150 2617 relegere
1182 2563 1340 2604 nemini
1379 2563 1619 2618 contigerit.
1678 2562 1850 2604 Scilicet

355 2644 403 2671 eo
440 2629 627 2670 maxime
663 2629 866 2685 imposuit
895 2627 1098 2670 Pithoeus
1135 2627 1383 2684 philologis,
1423 2628 1535 2684 quod
1572 2628 1846 2685 Epigram-

355 2702 490 2737 mata
534 2701 583 2738 et
619 2695 882 2751 poematia
925 2701 1104 2736 vetera
1141 2695 1320 2737 Parisiis
1359 2709 1540 2737 excussa
1573 2709 1600 2736 a
1634 2695 1849 2751 Dionysio

354 2761 559 2804 Duvallio
589 2776 699 2803 anno
722 2761 829 2803 1590
857 2760 1058 2818 pleraque
1087 2775 1142 2803 ex
1169 2762 1358 2818 antiquis
1379 2759 1596 2804 codicibus
1626 2774 1738 2802 nunc
1764 2762 1847 2817 pri-

356 2843 491 2881 mum,
529 2828 613 2869 alia
649 2827 939 2869 emendatiora
969 2842 1014 2869 se
1045 2827 1232 2870 edidisse
1261 2829 1306 2869 in
1337 2828 1475 2869 fronte
1503 2826 1603 2868 libri
1633 2826 1847 2882 professus

355 2900 433 2947 est,
463 2909 548 2936 non
575 2899 837 2949 arroganter,
868 2894 906 2936 si
924 2893 1213 2949 anthologiam
1232 2894 1277 2935 in
1296 2893 1540 2935 universum
1563 2894 1846 2948 spectaveris:
