1956 3308
589 203 796 234 PUBL1L11
827 204 930 236 εγω
962 205 1266 238 SENTENTIAE.
1629 202 1683 244 93

49 338 69 347 -
272 302 371 346 Non
402 318 573 361 semper
600 319 749 347 aurem
779 305 950 348 facilem
981 307 1170 352 facilitas
1200 309 1344 352 habet.

232 413 242 417 ,
272 371 518 428 Numquam
549 387 636 414 non
664 373 796 415 miser
826 380 905 429 est,
938 375 1012 431 qui
1042 377 1159 432 quod
1187 378 1338 420 timeat
1367 380 1542 434 cogitat.

272 439 331 481 Ni
359 440 435 496 qui
465 440 548 482 scit
579 440 736 495 faeere,
772 441 955 484 insidias
985 444 1124 485 nescit
1153 451 1357 488 metuere.

158 510 240 548 415
270 506 413 562 Negat
445 506 530 549 sibi
561 508 655 565 ipse
685 509 760 565 qui
791 509 906 565 quod
936 509 1115 553 difficile
1145 519 1211 555 est
1240 515 1364 570 petit.

270 573 465 632 Nimium
493 574 742 619 altercando
772 578 934 619 veritas
963 579 1189 622 amittitur.

271 640 401 683 Nullo
432 642 478 683 in
507 641 601 686 loco
631 644 742 686 male
775 643 898 686 audit
926 645 1239 689 misericordia.

271 708 522 752 Necessitas
553 711 670 768 quod
700 710 825 766 celat,
855 711 1018 754 frustra
1047 715 1279 770 quaeritur.

271 775 521 835 Necessitas
552 793 680 834 quam
709 779 912 836 pertinax
940 794 1124 836 regnum
1153 782 1295 824 tenet!

158 847 242 886 420
271 843 409 886 Nemo
438 845 655 887 inmature
682 847 866 889 moritur
896 849 970 904 qui
998 849 1179 890 moritur
1207 851 1352 891 miser.

270 911 510 954 Nocentem
540 914 615 969 qui
644 912 856 968 defendit,
888 915 975 957 sibi
1004 916 1167 958 crimen
1195 918 1324 974 parit.

269 978 346 1021 Nil
374 995 463 1023 non
492 986 567 1022 aut
596 980 703 1023 lenit
732 987 807 1024 aut
837 981 986 1026 domat
1017 983 1295 1028 diuturnitas.

267 1046 344 1089 Nil
372 1051 499 1105 turpe
529 1047 662 1091 ducas
692 1064 770 1106 pro
800 1050 954 1093 salutis
984 1051 1188 1094 remedio.

267 1113 370 1157 Noli
400 1121 674 1158 contemnere
704 1131 768 1171 ea,
800 1133 910 1175 quae
940 1134 1126 1162 summos
1156 1120 1399 1164 sublevant.

153 1186 235 1224 425
266 1181 342 1224 Nil
370 1182 491 1225 aliud
521 1184 604 1226 scit
633 1186 886 1241 necessitas,
919 1202 1047 1244 quam
1076 1189 1264 1230 vincere.

265 1250 403 1293 Nemo
433 1251 626 1294 timendo
655 1252 712 1294 ad
742 1268 956 1296 summum
986 1257 1187 1311 pervenit
1216 1256 1369 1298 locum.

265 1317 362 1360 Nisi
393 1333 470 1376 per
499 1325 543 1361 te
573 1320 731 1377 sapias⁷
762 1321 924 1363 frustra
954 1323 1194 1379 sapientem
1223 1325 1388 1366 audias.

264 1386 530 1429 Necessitati
558 1389 732 1445 sapiens
762 1389 873 1431 nihil
901 1405 1106 1447 umquam
1134 1399 1278 1448 negat.

262 1454 363 1497 Non
392 1454 523 1497 facile
554 1455 609 1497 de
639 1457 870 1507 innocente
901 1458 1063 1500 crimen
1092 1458 1284 1515 fingitur.

149 1525 233 1563 430
261 1521 457 1564 Nimium
486 1522 591 1566 boni
622 1530 688 1566 est
707 1524 763 1565 'in
791 1531 942 1581 morte,
974 1527 1042 1567 cui
1073 1525 1136 1567 nil
1166 1528 1223 1569 sit
1251 1527 1369 1569 mali.

261 1589 319 1631 Ni
347 1590 509 1645 gradus
542 1592 754 1646 servetur,
785 1592 895 1634 nulli
924 1593 1043 1635 tutus
1074 1600 1141 1636 est
1170 1595 1362 1636 summus
1393 1594 1526 1641 locus.

260 1656 336 1699 Nil
366 1663 431 1699 est
461 1659 678 1713 miserius,
710 1674 836 1716 quam
868 1660 945 1702 ubi
974 1661 1110 1717 pudet
1140 1661 1255 1718 quod
1285 1661 1453 1704 feceris.

262 1725 353 1767 Nec
382 1732 564 1768 mortem
595 1726 786 1783 effugere
816 1729 1154 1785 quisquamnee
1182 1743 1371 1771 amorem
1401 1736 1557 1786 potest.

151 1945 327 1973 comens
349 1947 381 1971 v.
404 1934 648 1972 387—435:
670 1935 708 1971 F
725 1934 787 1982 (T)

144 2034 227 2072 412
260 2035 409 2071 facilitas
437 2035 544 2072 habet
564 2036 714 2084 Meyer,
737 2037 838 2084 quod
857 2039 1143 2074 commendatur
1163 2049 1196 2074 v.
1222 2037 1321 2073 178:
1344 2037 1378 2074 h.
1399 2037 1547 2073 facilitas
1560 2038 1607 2084 F,
1629 2038 1664 2073 h.

146 2091 297 2128 felicitas
321 2092 478 2139 Gruter,
499 2093 545 2128 de
565 2105 641 2140 qua
659 2094 881 2139 corruptela
900 2092 952 2139 cf.
971 2095 1023 2137 ad
1038 2106 1069 2130 v.
1089 2093 1168 2130 278
1248 2093 1330 2130 413
1362 2095 1483 2129 timeat
1498 2094 1668 2142 Inyolst..·

144 2148 247 2184 timet
267 2148 306 2184 F
415 2147 498 2184 414
529 2149 565 2184 ni
585 2149 640 2185 F.-
669 2149 736 2184 nisi
757 2150 943 2195 editores,
974 2149 1026 2197 cf.
1045 2162 1109 2198 py.
1133 2148 1185 2185 56
1300 2148 1382 2186 415
1413 2150 1490 2197 ipse
1510 2150 1668 2198 Inyolsc.

147 2203 257 2240 Caec.
289 2204 401 2241 Balb.
423 2205 579 2242 Monac.
603 2205 641 2252 1,
666 2205 729 2242 13.
752 2206 880 2242 Paris.
904 2205 978 2252 59,
1005 2217 1067 2254 pq.
1093 2205 1155 2242 19.
1178 2204 1253 2252 41,
1294 2205 1398 2242 Vz'nc.
1422 2206 1468 2241 B.
1490 2216 1546 2252 sp.
1568 2207 1603 2242 d.
1626 2205 1666 2252 4,

144 2260 212 2307 51,
234 2272 292 2308 sp.
314 2261 400 2298 hist.
423 2260 468 2308 3,
491 2260 563 2298 58:
591 2262 659 2310 ipsi
682 2261 729 2308 0,
751 2273 819 2298 om.
842 2262 889 2308 F,
928 2262 1076 2299 Walter
1097 2262 1246 2310 Burley
1266 2273 1295 2298 s.
1318 2275 1350 2299 v.
1373 2262 1555 2299 Socrates

143 2316 225 2354 416
256 2317 432 2353 amittitur
454 2317 599 2354 Gellius
620 2317 687 2364 17,
711 2317 784 2364 14,
805 2317 981 2355 Μαι-νοῦ.
1005 2319 1084 2355 Sat.
1108 2317 1147 2365 2,
1171 2318 1209 2365 7,
1229 2319 1316 2356 Joa.
1341 2318 1495 2355 Saresb.
1516 2318 1659 2355 Polior.

143 2372 191 2420 8,
215 2373 287 2409 14:
319 2374 495 2410 evertitur
514 2374 569 2421 F,
597 2374 774 2410 emittitur
801 2375 927 2411 Palat.
951 2374 1144 2412 Macrobii
1264 2374 1344 2411 417
1375 2374 1476 2410 nullo
1497 2375 1667 2422 Inyolst..·

4 2436 15 2469 ⁸.
94 2462 100 2466 .
142 2429 280 2466 nullum
302 2429 340 2465 F
450 2428 529 2466 421
564 2429 630 2466 sibi
659 2431 793 2466 crimen
814 2431 867 2466 F.-
898 2442 947 2467 cr.
969 2430 1037 2467 sibi
1060 2432 1217 2479 Inqolst.
1240 2430 1379 2467 sibimet
1409 2431 1542 2467 crimen
1565 2435 1665 2478 parat

4 2481 37 2508 '⁴‘
147 2485 180 2522 Τ
290 2484 372 2522 422
406 2485 457 2522 nil
478 2486 653 2534 Inyolst..·
682 2486 771 2522 nihil
791 2487 829 2523 F
968 2486 1050 2524 423
1081 2487 1131 2527 nil
1152 2487 1323 2535 Inyolst.:
1351 2486 1439 2522 nihil
1459 2486 1531 2522 FT

142 2547 249 2590 turpe
270 2543 323 2579 F:
355 2543 495 2590 turpius
522 2543 564 2589 T,
586 2548 748 2590 tempora
768 2543 923 2591 Inyolst.
1056 2541 1151 2580 dicas
1174 2543 1270 2591 quod
1292 2541 1331 2579 fit
1352 2553 1417 2590 pro
1438 2553 1468 2578 s.
1491 2554 1520 2578 r.
1547 2542 1589 2587 T,
1610 2541 1665 2588 cf.

143 2610 176 2635 v.
200 2598 281 2636 379
304 2604 340 2636 et
363 2599 415 2635 76
549 2597 630 2636 425
666 2597 724 2646 Cf.
747 2611 778 2636 v.
802 2599 882 2637 399
1017 2599 1067 2635 nil
1087 2600 1258 2647 lnyolst.:
1284 2598 1372 2635 nihil
1394 2600 1430 2635 F
1561 2609 1664 2645 qnam

142 2655 313 2703 Inyolst.:
334 2655 395 2703 qui
416 2655 454 2691 F
583 2654 663 2691 427
695 2654 759 2691 An
782 2656 842 2691 ni?
969 2654 1051 2692 428
1083 2656 1214 2692 Malim
1235 2655 1303 2700 nil3
1336 2655 1388 2702 cf.
1407 2667 1469 2703 pq.
1495 2654 1547 2691 56

150 2710 234 2749 330
265 2712 414 2748 nimium
436 2711 608 2759 Inqolst..·
629 2712 794 2747 nimirum
816 2712 854 2748 F
945 2709 967 2733 ’¹‘
989 2711 1072 2747 honi
1094 2718 1148 2748 est
1169 2713 1203 2748 in
1226 2716 1362 2756 morte,
1383 2713 1438 2747 cui
1461 2710 1527 2747 nil:
1559 2716 1613 2746 est
1633 2711 1668 2747 in

143 2777 192 2803 m.
212 2766 250 2804 h.
272 2779 353 2804 cum
374 2767 461 2804 nihil
483 2768 539 2810 F,·
568 2768 621 2815 cf.
643 2768 795 2804 Ennius
824 2769 931 2814 apud
950 2768 1069 2805 Cicer.
1093 2769 1139 2804 de
1157 2770 1224 2815 fin.
1249 2767 1294 2813 2,
1319 2767 1392 2814 13,
1413 2767 1464 2803 41
1498 2766 1663 2802 ‘Nimium

144 2820 235 2859 boni
256 2829 326 2871 est,
347 2825 405 2860 cui
426 2823 478 2860 nil
498 2830 554 2861 est
577 2821 632 2874 [in
653 2821 765 2874 diem]
789 2824 900 2861 mali.’
960 2835 1039 2860 cum
1062 2825 1110 2859 nil
1132 2825 1199 2860 siet
1220 2825 1376 2872 ,lnyolsh
1471 2823 1551 2860 431
1579 2823 1664 2870 sor-

144 2883 248 2916 tasse
267 2886 457 2917 serventur
570 2879 651 2918 432
684 2880 732 2917 nil
754 2881 924 2929 Inyolst..·
955 2880 1042 2917 nihil
1063 2881 1100 2917 F
