1956 3308
1546 144 1559 173 u

336 216 414 258 126
854 230 1140 263 sumemus
1170 232 1314 265 FALso

442 327 746 369 Iusiurandum
774 328 902 370 alieni
931 329 1064 372 infido
1094 331 1371 387 emplastrum
1399 335 1511 377 aeris
1541 342 1619 378 est.

442 392 516 434 Ius
546 407 711 435 omnem
741 409 869 450 supra
897 395 1096 437 iniuriam
1126 398 1312 453 positum
1341 400 1467 443 scias.

443 458 587 502 Labor
615 460 863 517 imperantis
893 460 1077 504 militum
1108 465 1330 506 securitas·

334 528 411 567 185
441 525 575 567 Lassa
605 526 834 569 crudelitas
864 542 947 570 non
977 535 1042 571 est
1071 530 1265 572 vocanda
1294 531 1534 577 clementia.

440 583 628 648 Lepores
658 593 742 634 duo
772 595 845 649 qui
874 594 1127 652 insequitur,
1158 597 1194 638 is
1225 603 1420 641 neutrum
1452 601 1581 657 capit.

440 657 611 713 Lingua
641 665 706 701 est
734 659 996 717 maliloquax
1024 663 1179 705 mentis
1210 664 1417 708 indicium
1446 666 1597 708 malae.

440 725 566 780 Mage
596 726 789 768 cavenda
816 729 1049 770 amicorum
1068 730 1249 784 invidia,
1280 745 1405 788 quam
1425 732 1609 775 insidiae
1626 728 1826 777 hostium.
1901 743 1910 770 λ’

441 791 650 846 Magister
679 793 862 835 infidelis
893 801 957 837 est
985 797 1091 838 recti
1121 802 1271 839 metus.

334 861 414 899 190
443 857 646 912 Magnam
675 858 887 902 fortunam
915 875 1095 917 magnus
1124 864 1290 909 animus
1321 864 1458 907 decet.
1869 891 1872 894 ·

440 923 590 979 Magni
609 926 742 967 animi
763 933 828 969 est
847 929 1068 984 proprium
1087 943 1180 971 esse
1196 930 1485 987 tranquillum,
1504 932 1682 976 iniurias
1699 939 1827 991 atque
1879 959 1918 988 ,ς

1123 996 1375 1039 offensiones
1404 1013 1572 1056 semper
1591 999 1824 1057 despicere.
1900 996 1924 1046 [ss

438 1055 553 1098 Male
582 1057 758 1100 habebit
787 1058 992 1114 medicus,
1023 1075 1146 1103 nemo
1177 1063 1213 1104 si
1243 1063 1354 1105 male
1383 1064 1596 1109 habuerit.

438 1121 554 1164 Male
584 1124 704 1165 vivet
734 1126 928 1182 quisquis
958 1128 1120 1170 nesciet
1148 1129 1255 1171 mori
1285 1129 1407 1172 bene.

439 1188 567 1231 Malis
597 1189 825 1247 displicere
853 1191 1021 1234 laudari
1051 1200 1128 1236 est.

330 1259 408 1296 195
438 1256 551 1297 Malo
581 1257 695 1298 veris
727 1257 939 1300 offendere
970 1274 1097 1316 quam
1127 1261 1295 1318 plaeere
1324 1263 1552 1307 adulando.

438 1321 599 1363 Malum
627 1322 814 1365 alienum
844 1331 964 1366 tuum
993 1340 1047 1367 ne
1075 1326 1229 1370 feceris
1258 1329 1477 1384 gaudium.

436 1387 600 1430 Malum
630 1390 853 1432 consilium
883 1392 1115 1435 consultori
1144 1396 1376 1450 pessimum
1407 1404 1483 1440 est.

436 1453 680 1497 Maritimus
711 1471 807 1498 eum
837 1458 911 1511 sis,
942 1458 1033 1500 fieri
1062 1462 1275 1503 terrestris
1306 1476 1425 1505 cave.

436 1519 675 1563 Maximum
704 1522 940 1565 remedium
969 1525 1059 1566 irae
1088 1540 1207 1569 mora
1236 1535 1314 1571 est.

329 1589 410 1628 200
438 1586 561 1629 Mens
592 1588 841 1646 incorrupta
869 1591 1043 1632 miseria
1072 1596 1370 1651 corrumpitur.

436 1653 616 1694 Minime
644 1656 805 1697 amicus
836 1670 946 1710 sum,
976 1658 1170 1701 fortunae
1199 1662 1414 1719 particeps
1442 1662 1529 1704 nisi
1557 1664 1639 1706 sim
1667 1678 1798 1707 meae.
1836 1659 1839 1662 ’
1918 1659 1919 1662 “

435 1720 663 1762 Minimum
693 1723 820 1776 vivit,
851 1724 924 1778 qui
953 1723 1014 1765 nil
1044 1740 1170 1782 quam
1201 1728 1335 1769 vitam
1365 1730 1538 1784 cogitat.
1698 1731 1820 1789 [rum.

436 1785 596 1827 Misera
617 1794 682 1830 est
703 1789 928 1844 aegritudo
948 1791 1080 1833 animi
1099 1792 1154 1843 ob
1173 1793 1407 1836 alienarum
1427 1798 1613 1853 speeiem
1631 1798 1821 1841 miseria-

435 1852 570 1894 Miser
601 1853 687 1895 diei
717 1854 854 1897 bonus
884 1857 967 1910 vir,
997 1871 1092 1900 esse
1119 1873 1205 1901 non
1233 1866 1388 1917 potest.

328 1921 409 1960 205
440 1918 738 1963 Misericordia
767 1928 833 1964 est
861 1923 1004 1966 vicina
1022 1925 1240 1968 miseriae:
1271 1927 1400 1970 habet
1421 1929 1533 1972 enim
1552 1929 1715 1986 aliquid
1735 1937 1819 1973 tra-

1118 1993 1268 2050 hitque
1297 2009 1353 2036 ex
1381 2008 1445 2037 ea.

438 2135 515 2172 182
545 2136 610 2172 Ps.
632 2135 801 2174 Laberius
821 2149 876 2187 ap.
900 2138 1049 2176 Gellium
1073 2141 1138 2188 16,
1161 2142 1184 2179 7
1317 2142 1395 2181 183
1425 2143 1470 2180 F.
1490 2143 1572 2181 Seu.
1594 2145 1638 2182 de
1656 2145 1759 2182 clem.
1782 2146 1818 2194 1,
1857 2174 1867 2181 .
1902 2142 1907 2144 ⁷

325 2190 362 2236 1,
385 2189 409 2226 8
526 2191 604 2228 184
638 2192 691 2228 Gr
712 2193 749 2229 2.
773 2193 871 2230 Caec.
892 2194 986 2231 Balb.
1009 2195 1103 2232 Mon.
1126 2197 1193 2245 30,
1216 2197 1253 2245 1,
1274 2209 1336 2246 pg.
1359 2198 1413 2236 30
1535 2200 1613 2237 185
1644 2201 1709 2238 G'o.
1929 2202 1939 2210 ⁰

324 2245 401 2282 186
436 2246 503 2282 Bo.
527 2245 574 2282 Ex
597 2248 784 2295 proverbio
805 2260 934 2297 graeco
955 2249 1087 2288 Erasm.
1110 2252 1220 2301 Adag.
1242 2249 1282 2299 3,
1303 2253 1342 2300 3,
1363 2253 1415 2291 36
1530 2255 1608 2293 187
1637 2256 1702 2294 Ps.
1718 2255 1815 2294 Caec-

320 2291 416 2336 B‘alh.
434 2300 527 2337 Mon.
544 2301 611 2348 48,
630 2303 668 2349 3,
689 2314 748 2351 pg.
766 2304 833 2351 34,
854 2304 951 2341 Sext.
968 2305 1116 2355 Pythug.
1136 2314 1227 2344 sent.
1246 2307 1298 2345 74
1318 2319 1397 2345 eum
1417 2308 1537 2347 adnot.
1553 2310 1673 2349 orellii
1693 2321 1816 2360 opusc.

322 2366 410 2392 mor.
437 2357 472 2402 1,
495 2357 571 2393 581
596 2363 685 2394 extr.
794 2359 870 2397 188
903 2362 966 2397 Gr.
989 2362 1086 2401 Caec.
1109 2363 1200 2399 Bau).
1221 2363 1300 2401 Par.
1323 2363 1392 2411 25,
1411 2376 1471 2413 pg.
1493 2364 1549 2403 40
1643 2366 1721 2405 189
1748 2366 1814 2404 Px.

435 2412 514 2449 190
545 2413 608 2450 Go.
631 2413 712 2450 Sen.
735 2414 779 2450 de
799 2415 900 2451 clem.
926 2417 962 2463 1,
985 2416 1024 2464 5,
1047 2417 1071 2453 5
1182 2418 1257 2456 191
1291 2419 1355 2457 Go.
1377 2419 1460 2457 Seu.
1481 2420 1526 2457 de
1545 2421 1648 2459 clem.
1671 2421 1770 2469 1,6‚
1789 2420 1814 2459 ὅ

432 2467 510 2504 192
542 2468 612 2504 Bo.
632 2468 819 2506 Philemon
841 2470 945 2518 srgm.
970 2472 1038 2508 12¹
1145 2474 1222 2512 193
1253 2473 1422 2524 Scaliger.
1453 2475 1537 2515 Seu.
1558 2475 1603 2513 de
1622 2481 1737 2524 namq.
1755 2486 1812 2513 an.

323 2521 387 2568 11,
409 2521 434 2558 4
551 2522 630 2560 194
661 2525 727 2561 Go.
749 2525 796 2561 De
818 2537 905 2562 mor.
929 2526 984 2563 40
1087 2528 1166 2567 195
1195 2529 1265 2567 Pu.
1288 2530 1370 2567 Seu.
1392 2530 1436 2568 de
1455 2531 1557 2569 clem.
1579 2530 1618 2579 2,
1638 2530 1679 2579 2,
1698 2530 1723 2568 2

322 2577 399 2614 196
432 2577 496 2613 Gr.
519 2577 616 2615 Cacc.
639 2579 735 2616 Balb.
757 2580 850 2617 Mon.
877 2583 913 2628 1,
938 2583 1001 2629 16,
1022 2595 1083 2632 pg.
1109 2584 1159 2621 19
1279 2585 1357 2624 197
1386 2586 1580 2623 Ps.·Varro
1599 2585 1645 2623 de
1663 2596 1702 2623 re
1721 2591 1812 2623 rust.

319 2631 359 2678 3,
381 2632 417 2668 2.
439 2632 572 2670 Genius
593 2634 631 2681 4,
654 2635 694 2682 5,
717 2636 741 2672 5
871 2637 948 2675 198
980 2639 1050 2675 Βο.
1069 2638 1202 2676 Erasmi
1224 2640 1334 2689 Adag.
1357 2641 1397 2689 3,
1415 2642 1457 2689 5,
1478 2642 1527 2679 11
1603 2669 1606 2672 -
1655 2640 1733 2679 199
1763 2642 1811 2680 R.
1909 2694 1920 2700 -

320 2687 402 2724 Scn.
423 2687 467 2724 de
495 2690 544 2724 ira
567 2689 611 2736 2,
635 2690 686 2726 29
820 2691 901 2729 200
929 2694 992 2730 Ps.
1126 2695 1203 2733 201
1238 2696 1302 2733 Gr.
1323 2695 1420 2733 Caec.
1446 2694 1541 2733 Balb.
1562 2695 1656 2734 Bion.
1680 2696 1752 2743 15,
1773 2697 1813 2745 5,
1882 2710 1901 2747 f·
1913 2702 1936 2733 ε’

321 2754 378 2790 pg.
403 2743 473 2792 243
497 2744 543 2780 cs.
566 2744 725 2782 Menand.
747 2745 900 2783 Monost.
924 2748 1015 2787 263.
1040 2750 1120 2787 673
1240 2750 1319 2789 202
1350 2751 1406 2788 Gr
1424 2750 1461 2788 2.
1481 2750 1580 2788 Gneo.
1602 2750 1695 2789 Balb.
1717 2751 1813 2791 Mon.
1946 2779 1951 2788 .

323 2799 359 2844 1,
383 2798 420 2846 7,
440 2810 502 2847 pg.
530 2800 578 2838 18
711 2801 790 2839 203
822 2803 887 2839 ao.
910 2803 993 2840 Seu.
1014 2804 1058 2841 de
1078 2805 1179 2842 clem.
1203 2805 1242 2853 2,
1261 2806 1302 2853 5,
1320 2804 1346 2843 4
1473 2804 1554 2844 204
1582 2807 1645 2844 Ps.
1665 2807 1747 2845 seu.
1769 2806 1813 2845 de

319 2853 456 2899 provid.
479 2854 518 2902 3,
542 2855 563 2891 1
679 2856 759 2901 205
790 2858 856 2895 Go.
876 2859 958 2895 Sen.
979 2859 1023 2896 de
1043 2860 1145 2897 clem.
1169 2860 1207 2908 2,
1228 2861 1267 2908 6,
1286 2859 1314 2898 4
