1956 3308
575 272 782 304 PUBLILII
813 272 917 304 SYRI
948 275 1253 307 SENTEN'HAE.
1600 267 1679 308 105

53 381 59 389 ·
156 386 244 413 prov.
276 373 438 428 Repelli
464 387 508 417 se
534 363 720 417 homines
746 375 918 428 facilius
948 390 1076 430 quam
1104 363 1238 432 decipi
1264 378 1419 430 serunt.

271 440 435 495 Respue
464 442 747 485 crudelitatem
775 446 813 485 et
841 447 1017 487 matrem
1045 445 1302 487 crudelitatis
1331 447 1456 488 iram.

257 507 335 551 »Re
370 523 470 551 vera
506 511 708 553 memoria
743 511 1033 566 beneficiorum
1073 512 1246 566 frayilis
1283 516 1359 564 est,
1413 514 1678 555 iniuriarum

969 582 1105 622 tenax.
1457 619 1462 622 .

187 648 240 687 85
272 639 520 699 Ridiculum
548 648 606 687 est
635 646 728 688 odio
757 647 941 689 nocentis
968 647 1251 690 innocentiam
1273 649 1459 702 perdere.

273 711 358 754 Res
385 726 486 754 vera
515 715 583 764 est,
614 714 688 766 qui
718 727 746 755 a
775 712 917 756 multis
945 715 1122 766 timetur,
1155 716 1305 758 multos
1334 717 1459 758 timet.

274 779 458 834 Reyibus
478 780 605 833 peius
634 783 692 822 est
721 781 848 823 multo
877 795 1006 835 quam
1034 783 1328 825 servientibus:

271 862 317 889 re
344 861 456 899 vera,
489 848 591 900 quia
620 848 685 890 illi
713 849 912 902 sinqulos,
942 850 1013 891 isti
1041 851 1256 892 universos
1284 851 1440 893 timent.

193 967 204 974 .
274 914 359 957 Res
393 916 489 968 ipsa
524 917 572 956 ut
598 918 823 968 praestare
850 917 1063 969 possimus
1098 917 1262 972 efficiet,
1300 919 1339 960 si
1369 918 1560 971 polle'eeri
1581 932 1680 972 pro-

964 998 1167 1037 peramus
1195 985 1376 1027 honesta.

188 1055 244 1093 90
274 1043 380 1093 Rem
409 1051 641 1093 maximam
662 1051 873 1104 promittit
900 1052 976 1094 tibi
1003 1053 1224 1105 sapientia,
1256 1055 1304 1094 ut
1331 1055 1367 1095 te
1395 1053 1565 1094 reducat
1596 1053 1688 1094 tibi.

273 1117 402 1159 Recta
436 1118 609 1171 ingenia
652 1117 839 1160 debilitat
874 1121 1143 1171 verecundia,
1175 1134 1319 1173 prava
1348 1121 1568 1173 confirmat
1598 1134 1676 1161 au-

975 1187 1110 1229 dacia.

236 1268 243 1272 ·
275 1252 360 1295 Res
387 1253 545 1306 optima
573 1256 745 1303 estnon
771 1254 986 1297 sceleratos
1015 1255 1256 1308 exstirpare,
1287 1255 1359 1297 sed
1386 1255 1550 1297 scelera.

275 1320 399 1363 Recte
424 1334 578 1374 parem
606 1324 644 1363 et
671 1321 913 1374 inferiorem
950 1321 1120 1373 laudas,
1160 1323 1262 1375 quia
1292 1324 1475 1376 pertinet
1511 1322 1570 1364 ad
1593 1322 1680 1376 ylo-

973 1390 1086 1431 riam
1115 1392 1243 1432 tuam.

276 1456 361 1499 Res
397 1469 576 1510 maynae
611 1455 847 1499 clementiae
883 1460 959 1508 est,
998 1457 1250 1511 indulyendo
1286 1458 1489 1511 corriyere
1511 1459 1683 1511 peccata

972 1538 1100 1577 quam
1129 1525 1394 1566 vindicando.

270 1590 474 1643 Ratione,
505 1605 591 1632 non
620 1591 667 1632 vi
697 1590 913 1632 vincenda
941 1590 1238 1633 adulescentia
1269 1598 1348 1633 est.

161 1785 340 1815 comens
370 1775 542 1813 Proverb.
570 1775 681 1828 PRF
697 1774 805 1823 (EC),
828 1776 882 1822 M,
914 1788 945 1811 v.
969 1770 1210 1818 569—583;
1242 1777 1280 1813 F
1296 1774 1364 1826 (T)

276 1876 329 1914 82
360 1876 496 1925 despici
519 1875 549 1912 C
659 1876 712 1914 83
742 1877 880 1926 respice
902 1878 941 1914 E
1058 1883 1206 1914 matrem
1225 1877 1399 1915 PRFEC
1430 1878 1533 1914 Vino.
1558 1877 1601 1913 B.
1623 1888 1680 1924 sp.

162 1936 198 1971 d.
219 1933 267 1979 4,
292 1933 383 1971 133.
408 1932 507 1971 136:
538 1933 733 1970 ministram
755 1933 799 1970 M
817 1933 884 1972 31.
945 1933 1002 1981 Cf.
1028 1933 1155 1978 Quint.
1181 1936 1267 1971 insi.
1290 1945 1344 1971 or.
1367 1933 1414 1980 9,
1437 1933 1484 1980 3,
1506 1933 1557 1970 89
1587 1931 1682 1970 ‘cru-

162 1990 319 2027 delitatis
348 1995 461 2026 mater
481 1994 537 2026 est
558 1989 728 2036 avaritia',
759 1994 796 2026 et
815 1992 889 2026 inc.
913 1995 1010 2038 tray.
1033 1992 1141 2036 apud
1159 1991 1277 2027 Rutil.
1300 1990 1394 2037 Lup.
1417 1990 1463 2035 2,
1485 1990 1523 2036 6,
1541 2001 1605 2038 pq.
1631 1989 1680 2026 15

161 2048 289 2084 Halm.
311 2046 414 2082 Mus.
436 2045 561 2082 Rhen.
588 2045 710 2091 1868,
725 2058 791 2094 pq.
816 2045 895 2083 692
1030 2045 1082 2082 84
1114 2057 1152 2082 re
1174 2043 1273 2096 vera]
1296 2057 1375 2082 nam
1396 2046 1439 2082 M
1462 2045 1539 2082 128

161 2101 417 2139 beneficiorum
438 2101 542 2139 PRO
570 2102 673 2138 Vinc.
698 2102 744 2140 B.
766 2112 825 2148 sp.
848 2103 884 2138 d.
907 2101 954 2148 4,
977 2101 1043 2139 54.
1069 2102 1166 2139 135:
1198 2101 1358 2138 beneficii
1379 2102 1416 2138 F
1546 2100 1680 2147 fragilis

161 2159 271 2196 PRF
299 2158 418 2195 Vina.-
448 2157 561 2194 facilis
583 2159 692 2206 vulyo
712 2157 769 2203 M,
790 2157 907 2194 brevis
930 2158 970 2195 0>
1070 2158 1123 2195 85
1156 2158 1186 2196 0
1215 2158 1317 2195 Vinc.
1341 2158 1388 2194 Β.
1411 2168 1469 2204 sp.
1492 2158 1526 2194 d.
1549 2156 1589 2203 4,
1613 2156 1676 2193 74.

165 2215 266 2262 136,
287 2214 331 2251 Μ
351 2214 399 2252 61
518 2224 576 2250 res
605 2225 689 2250 vera
709 2219 764 2250 est
785 2215 876 2251 FE':
906 2225 963 2251 res
985 2219 1021 2250 et
1043 2225 1122 2251 vera
1144 2219 1198 2251 est
1220 2215 1309 2260 PR,
1340 2224 1380 2250 re
1401 2224 1480 2250 vera
1514 2214 1616 2250 Vinc.
1640 2212 1680 2257 4,

163 2271 216 2309 74
236 2276 277 2309 ul
290 2282 404 2318 prov.
427 2269 495 2317 84,
517 2269 584 2316 88,
606 2281 677 2307 om.
711 2270 817 2308 Vinc.
840 2269 880 2317 4,
905 2270 997 2316 136,
1019 2269 1072 2309 M.
1133 2270 1191 2318 Cf.
1216 2283 1248 2307 v.
1270 2270 1351 2308 338
1474 2269 1526 2307 87
1559 2269 1618 2317 Cf.
1643 2281 1674 2306 v.

161 2328 241 2366 322
329 2325 562 2376 regnantibus
584 2327 629 2363 M
648 2326 724 2363 141
814 2332 869 2363 est
889 2326 1046 2364 PRFC.-
1067 2339 1137 2363 om.
1158 2327 1195 2363 F
1277 2326 1330 2364 88
1361 2326 1456 2375 sing.
1478 2325 1529 2362 ilii
1550 2326 1587 2362 F

163 2384 216 2422 89
248 2385 278 2420 si
299 2384 551 2432 promittamus
572 2382 608 2419 h.
631 2383 661 2419 C
783 2384 838 2421 90
866 2394 981 2431 prom.
1002 2382 1064 2419 tibi
1083 2383 1186 2420 PRC
1215 2383 1317 2420 Vinc.
1342 2382 1387 2418 B.
1411 2393 1467 2429 sp.
1489 2383 1523 2418 d.
1547 2382 1586 2427 9,
1607 2380 1680 2417 41:

163 2440 224 2478 tibi
245 2451 317 2477 om.
340 2440 376 2475 F
506 2439 556 2475 91
589 2438 800 2476 verecundia
824 2439 942 2476 PRC:
971 2439 1151 2475 iracundia
1185 2440 1288 2476 Vinc.
1311 2438 1358 2475 B.
1381 2449 1438 2485 sp.
1461 2440 1496 2475 d.
1518 2437 1564 2481 4,
1589 2437 1680 2479 133,

160 2497 332 2546 sapientia
354 2496 401 2541 F,
422 2499 648 2549 corruptum
669 2505 723 2532 ex
742 2508 775 2532 v.
799 2495 853 2533 90
955 2506 1060 2544 prava
1080 2495 1150 2532 PR
1183 2495 1302 2532 Vino„-
1322 2506 1426 2543 parva
1448 2495 1494 2540 F,
1515 2503 1680 2543 perversa

163 2552 194 2590 0
305 2551 357 2589 92
399 2550 500 2592 Vino.
529 2551 572 2586 B.
593 2562 651 2598 sp.
674 2552 710 2588 d.
734 2550 780 2596 4,
805 2551 883 2589 136
1017 2552 1213 2599 exstirpare
1234 2550 1319 2587 scel.
1341 2551 1394 2591 F,·
1423 2551 1576 2598 stirpare
1597 2549 1679 2593 PR,

162 2619 338 2658 exurpare
359 2609 407 2654 Ε,
428 2617 595 2655 rumpere
627 2607 730 2644 Vinc.
755 2607 801 2643 B.
825 2618 881 2654 sp.
903 2608 939 2644 d.
961 2606 1003 2653 4,
1025 2607 1077 2645 66
1178 2606 1338 2643 excelera
1362 2606 1416 2642 Pb
1521 2604 1573 2642 93
1605 2604 1680 2644 Ru-

160 2668 247 2703 nius
268 2667 376 2712 epist.
399 2664 422 2701 6
436 2691 446 2709 ,
473 2663 538 2709 17,
559 2662 585 2698 4
614 2662 733 2699 ‘lauda
755 2663 808 2700 vel
838 2662 1042 2700 inferiorem
1064 2662 1119 2700 vel
1146 2663 1368 2711 superiorein
1390 2662 1445 2698 vel
1465 2672 1584 2710 parem
1605 2689 1614 2697 .
1637 2687 1646 2696 .
1669 2688 1677 2696 .

162 2722 244 2769 quia
264 2721 421 2770 pertinet
439 2719 484 2764 ad
507 2724 601 2755 tuam
622 2718 803 2766 gloriam'.
904 2730 1024 2768 parem
1045 2719 1206 2765 Plinius,
1236 2719 1337 2755 Vinc.
1359 2719 1400 2754 B.
1424 2729 1481 2765 sp.
1497 2718 1533 2754 d.
1551 2716 1590 2763 5,
1608 2716 1679 2754 69:

162 2782 345 2825 parentem
366 2776 504 2814 PRFC
630 2774 683 2812 94
725 2776 830 2812 Vinc.
853 2775 900 2811 B.
923 2786 980 2822 sp.
1004 2776 1040 2811 d.
1063 2774 1103 2821 4,
1126 2775 1178 2812 68
1301 2773 1437 2822 indulg.
1460 2773 1571 2822 magis
1593 2785 1624 2810 c.
1647 2772 1684 2808 F

163 2833 347 2881 corrigere
366 2831 458 2869 ΡΜ]
485 2833 604 2869 Vino„-
632 2842 824 2880 corregere
846 2830 961 2875 PaB,
991 2832 1173 2879 corripere
1194 2831 1240 2877 F,
1268 2829 1467 2876 dimittere,
1495 2840 1580 2876 sup.
1602 2840 1678 2866 scr.

163 2886 220 2923 vel
239 2889 423 2937 corrigere
446 2889 484 2925 E
594 2892 735 2936 peccata
757 2888 876 2935 potius
898 2897 1003 2936 quam
1036 2887 1138 2924 Vinc.
1256 2885 1336 2924 569
1367 2884 1605 2923 adolescentia
1625 2889 1681 2921 est

162 2942 331 2992 Inqolst..·
353 2949 410 2980 est
429 2943 483 2981 ad.
505 2945 543 2980 F
