1956 3308
596 225 738 257 INTER
766 225 1075 257 PUBLILIANAS
1106 225 1362 257 RECEPTAE.
1664 216 1740 259 131

256 328 261 332 ’
334 309 483 371 Potest
512 326 619 385 quid
649 340 743 369 esse
774 327 1017 382 honestum,
1048 326 1162 384 quod
1193 342 1279 370 non
1309 326 1526 370 liberum?

334 395 513 438 Praeter
552 408 725 438 causam
766 394 948 438 multum
985 395 1124 437 amico
1165 394 1364 451 dabitur,
1403 395 1584 438 multum
1615 396 1745 438 etiam

1032 468 1182 506 contra
1210 463 1398 507 amicum
1427 464 1556 506 scias.

333 530 585 587 Principum
617 530 803 573 saevitia
832 530 995 574 bellum
1026 538 1105 574 est.

332 597 512 640 Privata
541 597 690 640 studia
719 597 944 656 publicum
975 604 1177 642 evertunt
1207 599 1381 643 bonum.

221 669 304 708 300
332 665 524 708 Probare
553 665 716 708 amicos
748 664 929 708 difficile
960 672 1025 710 est
1053 681 1100 710 re
1129 682 1348 725 prospera.

333 733 474 791 Prope
505 740 571 776 est
599 738 648 776 ut
677 731 866 776 libenter
896 733 1085 789 damnet,
1117 735 1191 792 qui
1221 736 1320 779 cito.

333 801 476 859 Prope
507 807 572 844 est
602 806 651 844 ut
679 815 767 844 non
795 816 931 859 aeque
961 802 1147 857 damnet,
1179 804 1252 861 qui
1283 804 1428 846 nimis.

336 867 534 926 Pupillus
564 874 631 912 est
659 883 816 912 avarus
846 871 1003 913 aetatis
1033 870 1196 914 brevis.

334 936 472 978 Puras
503 936 626 991 deus,
657 951 745 979 non
773 936 923 993 plenas
954 938 1113 996 aspicit
1143 953 1311 981 manus.

225 1008 306 1046 305
337 1004 461 1058 Quae
491 1003 756 1060 defloruerit,
785 1020 840 1047 ne
869 1006 1027 1048 iterum
1057 1012 1288 1063 quaeratur
1316 1021 1427 1050 rosa.

336 1071 460 1125 Quae
491 1077 556 1114 est
584 1086 654 1114 ars
684 1072 904 1130 parandae
933 1074 1176 1136 amicitiae?
1209 1074 1257 1118 Si
1286 1075 1355 1117 vis
1384 1075 1535 1128 amari,
1567 1089 1677 1117 ama.

336 1139 622 1192 Quaerendus
653 1155 815 1184 cuneus
847 1147 912 1184 est
941 1140 1080 1185 malus
1110 1147 1263 1185 trunco
1294 1141 1419 1187 malo.

335 1207 477 1260 Quam
507 1222 714 1265 magnum
745 1215 811 1252 est
839 1223 927 1251 non
953 1208 1122 1252 laudari
1153 1217 1196 1253 et
1225 1225 1321 1253 esse
1351 1209 1639 1252 laudabilem!

336 1275 478 1328 Quam
508 1290 636 1334 saepe
667 1277 854 1330 veniam,
886 1277 960 1334 qui
990 1283 1241 1334 negaverat,
1272 1278 1405 1335 petit!

223 1347 306 1386 310
336 1342 427 1396 Qui
454 1342 530 1385 alii
559 1343 796 1399 maledicit,
827 1344 913 1387 sibi
943 1345 1186 1388 convicium
1217 1345 1335 1388 facit.

337 1410 456 1463 Quid
488 1425 538 1453 eo
568 1410 802 1467 infelicius,
835 1413 905 1455 cui
934 1413 1022 1455 iam
1050 1412 1163 1456 malo
1194 1427 1290 1456 esse
1319 1427 1495 1456 necesse
1527 1412 1624 1455 est‘?

337 1477 459 1531 Quid
491 1485 558 1522 est
586 1479 846 1522 beneficium
876 1479 1013 1522 dare?
1043 1481 1206 1523 imitari
1236 1479 1379 1523 deum.

335 1546 455 1599 Quid
486 1553 631 1604 potest
659 1547 715 1590 ab
747 1562 796 1590 eo
827 1548 1056 1605 quisquam
1086 1562 1272 1606 sperare,
1305 1563 1432 1605 quem
1462 1547 1621 1590 malum
1651 1562 1745 1590 esse

1032 1614 1212 1659 docuit?

340 1681 569 1740 Quidquid
593 1697 729 1740 aequo
757 1682 854 1740 plus
874 1683 1069 1726 futurum
1090 1689 1169 1738 est,
1199 1684 1246 1725 in
1265 1690 1432 1741 partem
1453 1683 1747 1726 humaniorem

1032 1750 1194 1793 inclina
1223 1751 1294 1794 vel
1323 1750 1632 1809 praepondera.

227 1822 307 1861 315
341 1816 463 1870 Quid
493 1818 676 1876 quisque
704 1819 856 1876 possit,
887 1819 976 1861 nisi
1004 1824 1168 1862 tentato
1197 1819 1366 1862 nesciit.

336 1885 459 1939 Quid
487 1887 623 1929 refert
653 1892 860 1944 quantum
879 1886 1075 1929 habeas?
1105 1886 1241 1930 multo
1271 1885 1380 1929 illud
1401 1886 1497 1944 plus
1519 1892 1598 1941 est,
1630 1886 1746 1943 quod

1031 1969 1118 1997 non
1147 1954 1296 1997 habes.

339 2021 431 2076 Qui
451 2029 629 2080 propter
648 2023 856 2080 pecuniae
877 2021 947 2064 vel
966 2022 1163 2068 libidinis
1184 2036 1372 2065 amorem
1394 2023 1588 2076 moritur,
1605 2029 1745 2065 osten-

874 2090 941 2132 dit
977 2103 1024 2132 se
1053 2104 1288 2147 numquam
1317 2090 1384 2132 sui
1415 2104 1546 2133 causa
1565 2090 1744 2133 vixisse.

336 2230 415 2269 296
446 2231 493 2268 F.
517 2230 599 2268 Sen.
621 2231 726 2279 epist·
750 2231 817 2278 66,
843 2231 893 2268 16
1005 2230 1085 2268 297
1116 2231 1187 2268 Pn.
1292 2230 1372 2268 298
1406 2230 1471 2268 Go.
1494 2229 1746 2278 (ffirzcipium

225 2286 423 2335 saevitiae)
445 2287 528 2325 Sen.
551 2286 594 2324 de
615 2286 718 2324 clem.
744 2288 782 2334 1,
805 2286 844 2334 5,
866 2287 890 2324 2
1008 2287 1087 2324 299
1119 2287 1164 2324 F.
1274 2286 1357 2326 300
1388 2286 1443 2323 Gr
1464 2286 1501 2323 2.
1525 2286 1624 2324 Caec.
1646 2286 1743 2324 Balb.

224 2343 320 2381 Mon.
343 2343 416 2391 15,
438 2344 477 2390 6,
498 2355 558 2393 pg.
583 2343 651 2390 25,
662 2343 754 2380 coll.
776 2343 819 2380 de
841 2355 931 2380 mor.
955 2342 1007 2380 51
1143 2343 1237 2382 301,
1270 2343 1350 2381 302
1383 2343 1449 2381 Go.
1473 2342 1555 2380 Sen.
1577 2343 1622 2379 de
1642 2343 1743 2380 clem.

227 2400 264 2446 1,
290 2399 354 2447 14,
376 2399 400 2437 3
505 2400 586 2438 303
617 2399 789 2448 Scaliger.
820 2400 923 2437 Cacc.
946 2399 1043 2437 Balb.
1068 2399 1162 2436 Mon.
1188 2398 1254 2446 12,
1276 2400 1316 2446 3,
1337 2411 1398 2449 pg.
1422 2399 1474 2437 23
1571 2399 1651 2438 304
1682 2399 1745 2436 Ps.

223 2455 274 2492 Cf.
297 2467 405 2505 supra
426 2467 487 2506 pg.
511 2456 585 2502 90,
608 2456 632 2493 3
749 2456 830 2494 305
862 2457 931 2494 Bo.
955 2455 1003 2492 Ex
1025 2455 1216 2504 proverbio
1242 2467 1372 2504 graeco
1394 2467 1451 2505 ap.
1474 2454 1608 2492 Erasm.
1634 2454 1742 2504 Adag.

223 2512 264 2559 2,
288 2513 327 2558 6,
348 2512 403 2550 40
545 2512 627 2551 306
658 2512 700 2557 Q.
720 2512 805 2552 Sen.
827 2513 935 2562 epist.
959 2512 1006 2560 9,
1030 2512 1065 2550 6.
1096 2511 1243 2549 Martial.
1266 2513 1380 2561 epigr.
1403 2513 1442 2561 6,
1466 2513 1531 2559 ll,
1556 2512 1608 2549 10

224 2569 303 2607 307
337 2570 408 2606 Bo.
432 2568 600 2606 Erasmus
625 2569 736 2618 Adag.
763 2569 807 2616 1,
830 2568 876 2617 2,
898 2568 922 2606 5
945 2579 986 2605 ex
1007 2568 1225 2617 Hieronymo
1251 2568 1293 2605 ad
1316 2568 1445 2605 Ocean.
1560 2568 1639 2606 308
1672 2568 1741 2612 Ρη,

224 2627 271 2664 R.
293 2625 344 2662 Cf.
368 2637 475 2674 supra
504 2637 565 2674 pg.
593 2626 692 2673 100,
715 2625 768 2664 65
891 2625 971 2663 309
1002 2626 1066 2662 Ps.
1090 2625 1177 2662 Sen.
1200 2624 1243 2661 de
1272 2626 1321 2661 ira
1344 2625 1390 2672 2,
1413 2624 1487 2670 34,
1508 2624 1546 2660 4.
1570 2623 1616 2660 cs.
1640 2623 1742 2661 llere.

197 2689 205 2697 ·
227 2681 296 2719 sur.
321 2681 427 2720 1267
527 2682 610 2720 310
639 2683 685 2719 F.
709 2682 754 2718 De
775 2692 867 2718 mor.
893 2682 970 2718 115
1075 2681 1152 2719 311
1188 2681 1253 2719 Go.
1277 2681 1358 2718 Sen.
1380 2680 1424 2718 de
1445 2680 1544 2717 clem.
1574 2682 1608 2727 1,
1634 2680 1697 2727 13,
1720 2679 1744 2716 2

337 2738 417 2777 312
449 2739 520 2776 Pn.
543 2738 590 2775 De
618 2750 710 2778 mor.
731 2737 783 2775 47
807 2738 889 2775 coll.
912 2737 994 2775 Sen.
1018 2737 1062 2774 de
1084 2736 1201 2774 benef.
1224 2737 1270 2784 3,
1295 2737 1345 2775 15
1461 2736 1541 2774 313
1574 2737 1639 2773 Go.
1663 2736 1745 2773 Seu.

223 2793 267 2831 de
286 2793 390 2832 clem.
415 2796 452 2842 l,
475 2795 543 2842 26,
568 2796 587 2832 1
706 2794 787 2832 314
820 2795 884 2832 Go.
908 2794 990 2831 Seu.
1012 2793 1056 2831 de
1078 2793 1180 2831 clem.
1205 2794 1243 2840 1,
1266 2792 1304 2838 2,
1327 2792 1350 2829 2
1459 2793 1539 2830 315
1571 2793 1632 2830 Ps.
1656 2792 1741 2830 Seu.

225 2849 268 2887 de
289 2850 430 2900 provid.
451 2847 492 2899 4,
514 2852 539 2890 3
562 2852 778 2900 temptando
887 2850 968 2888 316
999 2851 1045 2887 F.
1069 2850 1151 2888 Seu.
1175 2861 1231 2899 ap.
1254 2848 1406 2887 Gellium
1431 2848 1497 2897 12,
1519 2848 1558 2895 2,
1583 2848 1631 2886 13

225 2906 306 2944 317
338 2907 404 2945 Go.
427 2907 474 2946 De
495 2919 586 2945 mor.
610 2908 687 2946 119

1432 2972 1477 3003 υ.

865 3020 883 3043 ἱ
