<?xml version="1.0" encoding="UTF-8"?>
<!DOCTYPE html PUBLIC "-//W3C//DTD XHTML 1.0 Transitional//EN"
    "http://www.w3.org/TR/xhtml1/DTD/xhtml1-transitional.dtd">
<html xmlns="http://www.w3.org/1999/xhtml" xml:lang="en" lang="en">
 <head>
  <title>
</title>
<meta http-equiv="Content-Type" content="text/html;charset=utf-8" />
  <meta name='ocr-system' content='tesseract 3.04.00' />
  <meta name='ocr-capabilities' content='ocr_page ocr_carea ocr_par ocr_line ocrx_word'/>
</head>
<body>
  <div class='ocr_page' id='page_1' title='image "./publiliisyrisent00publuoft/publiliisyrisent00publuoft_0088.png"; bbox 0 0 1956 3308; ppageno 0'>
   <div class='ocr_carea' id='block_1_1' title="bbox 341 216 1423 255">
    <p class='ocr_par' dir='ltr' id='par_1_1' title="bbox 341 216 1423 255">
     <span class='ocr_line' id='line_1_1' title="bbox 341 216 1423 255; baseline -0.002 0"><span class='ocrx_word' id='word_1_1' title='bbox 341 216 394 255; x_wconf 81' lang='grc'><strong>82</strong></span> <span class='ocrx_word' id='word_1_2' title='bbox 758 225 958 255; x_wconf 62' lang='lat' dir='ltr'><strong>romanu</strong></span> <span class='ocrx_word' id='word_1_3' title='bbox 990 225 1091 255; x_wconf 72' lang='lat' dir='ltr'><strong>svm</strong></span> <span class='ocrx_word' id='word_1_4' title='bbox 1123 223 1423 255; x_wconf 73' lang='lat' dir='ltr'><strong>SENTENTIAE.</strong></span> 
     </span>
    </p>
   </div>
   <div class='ocr_carea' id='block_1_2' title="bbox 337 323 1832 1291">
    <p class='ocr_par' dir='ltr' id='par_1_2' title="bbox 337 323 1832 1291">
     <span class='ocr_line' id='line_1_2' title="bbox 451 323 1535 379; baseline -0.002 -14"><span class='ocrx_word' id='word_1_5' title='bbox 451 324 685 365; x_wconf 73' lang='lat' dir='ltr'><strong>locandum</strong></span> <span class='ocrx_word' id='word_1_6' title='bbox 715 323 774 365; x_wconf 89' lang='lat' dir='ltr'><strong>nil</strong></span> <span class='ocrx_word' id='word_1_7' title='bbox 805 330 882 376; x_wconf 87' lang='lat' dir='ltr'><strong>est,</strong></span> <span class='ocrx_word' id='word_1_8' title='bbox 914 324 996 364; x_wconf 85' lang='lat' dir='ltr'><strong>nisi</strong></span> <span class='ocrx_word' id='word_1_9' title='bbox 1026 323 1140 379; x_wconf 87' lang='lat' dir='ltr'><strong>quod</strong></span> <span class='ocrx_word' id='word_1_10' title='bbox 1169 323 1305 364; x_wconf 83' lang='lat' dir='ltr'><strong>reficit</strong></span> <span class='ocrx_word' id='word_1_11' title='bbox 1337 323 1535 364; x_wconf 80' lang='lat' dir='ltr'><strong>varietas.</strong></span> 
     </span>
     <span class='ocr_line' id='line_1_3' title="bbox 340 388 1340 444; baseline -0.002 -13"><span class='ocrx_word' id='word_1_12' title='bbox 340 395 421 432; x_wconf 81' lang='grc'><strong>240</strong></span> <span class='ocrx_word' id='word_1_13' title='bbox 451 391 701 444; x_wconf 77' lang='lat' dir='ltr'><strong>Ingenuitas</strong></span> <span class='ocrx_word' id='word_1_14' title='bbox 733 405 815 431; x_wconf 90' lang='lat' dir='ltr'><strong>non</strong></span> <span class='ocrx_word' id='word_1_15' title='bbox 845 389 1000 444; x_wconf 82' lang='lat' dir='ltr'><strong>recipit</strong></span> <span class='ocrx_word' id='word_1_16' title='bbox 1030 388 1340 430; x_wconf 78' lang='lat' dir='ltr'><strong>contumeliam.</strong></span> 
     </span>
     <span class='ocr_line' id='line_1_4' title="bbox 450 454 1638 508; baseline -0.002 -11"><span class='ocrx_word' id='word_1_17' title='bbox 450 455 645 498; x_wconf 78' lang='lat' dir='ltr'><strong>&#39;Inritare</strong></span> <span class='ocrx_word' id='word_1_18' title='bbox 676 462 739 497; x_wconf 86' lang='lat' dir='ltr'><strong>est</strong></span> <span class='ocrx_word' id='word_1_19' title='bbox 770 454 1070 508; x_wconf 59' lang='lat' dir='ltr'><strong>calamitatem,</strong></span> <span class='ocrx_word' id='word_1_20' title='bbox 1102 455 1197 495; x_wconf 75' lang='lat' dir='ltr'><strong>etim</strong></span> <span class='ocrx_word' id='word_1_21' title='bbox 1227 461 1269 496; x_wconf 81' lang='lat' dir='ltr'><strong>te</strong></span> <span class='ocrx_word' id='word_1_22' title='bbox 1299 454 1468 495; x_wconf 76' lang='lat' dir='ltr'><strong>felicem</strong></span> <span class='ocrx_word' id='word_1_23' title='bbox 1499 469 1638 497; x_wconf 81' lang='lat' dir='ltr'><strong>voces.</strong></span> 
     </span>
     <span class='ocr_line' id='line_1_5' title="bbox 448 521 1447 579; baseline -0.003 -15"><span class='ocrx_word' id='word_1_24' title='bbox 448 523 613 579; x_wconf 89' lang='lat' dir='ltr'><strong>Inpune</strong></span> <span class='ocrx_word' id='word_1_25' title='bbox 644 536 794 577; x_wconf 83' lang='lat' dir='ltr'>pecces</span> <span class='ocrx_word' id='word_1_26' title='bbox 825 522 869 562; x_wconf 92' lang='lat' dir='ltr'><strong>in</strong></span> <span class='ocrx_word' id='word_1_27' title='bbox 900 536 1008 573; x_wconf 86' lang='lat' dir='ltr'><strong>cum,</strong></span> <span class='ocrx_word' id='word_1_28' title='bbox 1040 521 1112 576; x_wconf 92' lang='lat' dir='ltr'><strong>qui</strong></span> <span class='ocrx_word' id='word_1_29' title='bbox 1142 527 1290 578; x_wconf 84' lang='lat' dir='ltr'><strong>peccat</strong></span> <span class='ocrx_word' id='word_1_30' title='bbox 1318 521 1447 576; x_wconf 86' lang='lat' dir='ltr'><strong>prior.</strong></span> 
     </span>
     <span class='ocr_line' id='line_1_6' title="bbox 448 587 1372 643; baseline -0.001 -15"><span class='ocrx_word' id='word_1_31' title='bbox 448 588 647 643; x_wconf 83' lang='lat' dir='ltr'>Ingratus</span> <span class='ocrx_word' id='word_1_32' title='bbox 677 603 785 629; x_wconf 89' lang='lat' dir='ltr'><strong>unus</strong></span> <span class='ocrx_word' id='word_1_33' title='bbox 816 587 1011 628; x_wconf 89' lang='lat' dir='ltr'><strong>omnibus</strong></span> <span class='ocrx_word' id='word_1_34' title='bbox 1041 588 1206 628; x_wconf 88' lang='lat' dir='ltr'><strong>miseris</strong></span> <span class='ocrx_word' id='word_1_35' title='bbox 1237 593 1372 628; x_wconf 82' lang='lat' dir='ltr'><strong>nocet.</strong></span> 
     </span>
     <span class='ocr_line' id='line_1_7' title="bbox 402 652 1369 696; baseline 0.002 -2"><span class='ocrx_word' id='word_1_36' title='bbox 402 671 412 687; x_wconf 66' lang='grc' dir='ltr'><strong>ι</strong></span> <span class='ocrx_word' id='word_1_37' title='bbox 451 655 498 694; x_wconf 86' lang='lat' dir='ltr'><strong>In</strong></span> <span class='ocrx_word' id='word_1_38' title='bbox 528 655 699 695; x_wconf 87' lang='lat' dir='ltr'><strong>miseria</strong></span> <span class='ocrx_word' id='word_1_39' title='bbox 730 655 856 695; x_wconf 83' lang='lat' dir='ltr'><strong>etiam</strong></span> <span class='ocrx_word' id='word_1_40' title='bbox 888 655 978 694; x_wconf 83' lang='lat' dir='ltr'><strong>vita</strong></span> <span class='ocrx_word' id='word_1_41' title='bbox 1007 652 1262 695; x_wconf 83' lang='lat' dir='ltr'><strong>contumelia</strong></span> <span class='ocrx_word' id='word_1_42' title='bbox 1292 659 1369 696; x_wconf 83' lang='lat' dir='ltr'><strong>est.</strong></span> 
     </span>
     <span class='ocr_line' id='line_1_8' title="bbox 340 719 1832 776; baseline 0.003 -17"><span class='ocrx_word' id='word_1_43' title='bbox 340 725 417 760; x_wconf 72' lang='lat'><strong>:245</strong></span> <span class='ocrx_word' id='word_1_44' title='bbox 450 721 529 761; x_wconf 82' lang='lat' dir='ltr'><strong>&#39;Ita</strong></span> <span class='ocrx_word' id='word_1_45' title='bbox 558 721 740 761; x_wconf 85' lang='lat' dir='ltr'><strong>amicum</strong></span> <span class='ocrx_word' id='word_1_46' title='bbox 771 719 943 773; x_wconf 85' lang='lat' dir='ltr'>habeas,</span> <span class='ocrx_word' id='word_1_47' title='bbox 975 721 1100 776; x_wconf 71' lang='lat' dir='ltr'><strong>pdsse</strong></span> <span class='ocrx_word' id='word_1_48' title='bbox 1129 727 1177 760; x_wconf 83' lang='lat' dir='ltr'><strong>ut</strong></span> <span class='ocrx_word' id='word_1_49' title='bbox 1205 719 1331 760; x_wconf 78' lang='lat' dir='ltr'><strong>facile</strong></span> <span class='ocrx_word' id='word_1_50' title='bbox 1362 719 1456 761; x_wconf 86' lang='lat' dir='ltr'><strong>fieri</strong></span> <span class='ocrx_word' id='word_1_51' title='bbox 1484 719 1594 761; x_wconf 86' lang='lat' dir='ltr'><strong>hunc</strong></span> <span class='ocrx_word' id='word_1_52' title='bbox 1615 720 1832 764; x_wconf 68' lang='lat' dir='ltr'><strong>inimicum</strong></span> 
     </span>
     <span class='ocr_line' id='line_1_9' title="bbox 740 791 1275 842; baseline 0.002 -16"><span class='ocrx_word' id='word_1_53' title='bbox 740 793 744 795; x_wconf 71' lang='grc'><strong><em>’</em></strong></span> <span class='ocrx_word' id='word_1_54' title='bbox 1137 791 1275 842; x_wconf 66' lang='lat' dir='ltr'><strong>putes</strong></span> 
     </span>
     <span class='ocr_line' id='line_1_10' title="bbox 448 851 1485 908; baseline 0.001 -16"><span class='ocrx_word' id='word_1_55' title='bbox 448 852 664 893; x_wconf 88' lang='lat' dir='ltr'>Invidiam</span> <span class='ocrx_word' id='word_1_56' title='bbox 694 852 807 893; x_wconf 78' lang='lat' dir='ltr'><strong>serre</strong></span> <span class='ocrx_word' id='word_1_57' title='bbox 838 858 911 893; x_wconf 83' lang='lat' dir='ltr'><strong>aut</strong></span> <span class='ocrx_word' id='word_1_58' title='bbox 940 852 1063 893; x_wconf 86' lang='lat' dir='ltr'><strong>fortis</strong></span> <span class='ocrx_word' id='word_1_59' title='bbox 1093 858 1166 893; x_wconf 82' lang='lat' dir='ltr'><strong>aut</strong></span> <span class='ocrx_word' id='word_1_60' title='bbox 1196 851 1303 893; x_wconf 82' lang='lat' dir='ltr'><strong>felix</strong></span> <span class='ocrx_word' id='word_1_61' title='bbox 1331 858 1485 908; x_wconf 85' lang='lat' dir='ltr'><strong>potest.</strong></span> 
     </span>
     <span class='ocr_line' id='line_1_11' title="bbox 448 918 1440 974; baseline 0.001 -16"><span class='ocrx_word' id='word_1_62' title='bbox 448 918 499 958; x_wconf 89' lang='lat' dir='ltr'><strong>In</strong></span> <span class='ocrx_word' id='word_1_63' title='bbox 529 933 671 959; x_wconf 86' lang='lat' dir='ltr'><strong>amore</strong></span> <span class='ocrx_word' id='word_1_64' title='bbox 702 933 867 974; x_wconf 77' lang='lat' dir='ltr'>semper</span> <span class='ocrx_word' id='word_1_65' title='bbox 897 918 1081 959; x_wconf 78' lang='lat' dir='ltr'><strong>mendax</strong></span> <span class='ocrx_word' id='word_1_66' title='bbox 1112 918 1333 959; x_wconf 79' lang='lat' dir='ltr'><strong>iracundia</strong></span> <span class='ocrx_word' id='word_1_67' title='bbox 1363 925 1440 959; x_wconf 82' lang='lat' dir='ltr'><strong>est.</strong></span> 
     </span>
     <span class='ocr_line' id='line_1_12' title="bbox 447 983 1345 1038; baseline 0 -13"><span class='ocrx_word' id='word_1_68' title='bbox 447 985 622 1026; x_wconf 82' lang='lat' dir='ltr'><strong>Invidia</strong></span> <span class='ocrx_word' id='word_1_69' title='bbox 651 985 795 1038; x_wconf 78' lang='lat' dir='ltr'><strong>tacite,</strong></span> <span class='ocrx_word' id='word_1_70' title='bbox 827 983 902 1025; x_wconf 86' lang='lat' dir='ltr'><strong>sed</strong></span> <span class='ocrx_word' id='word_1_71' title='bbox 932 985 1104 1025; x_wconf 87' lang='lat' dir='ltr'><strong>inimice</strong></span> <span class='ocrx_word' id='word_1_72' title='bbox 1134 985 1345 1026; x_wconf 85' lang='lat' dir='ltr'><strong>irascitur.</strong></span> 
     </span>
     <span class='ocr_line' id='line_1_13' title="bbox 448 1050 1354 1104; baseline -0.001 -12"><span class='ocrx_word' id='word_1_73' title='bbox 448 1051 607 1092; x_wconf 85' lang='lat' dir='ltr'><strong>Iratum</strong></span> <span class='ocrx_word' id='word_1_74' title='bbox 640 1051 985 1104; x_wconf 79' lang='lat' dir='ltr'><strong>brevitervites,</strong></span> <span class='ocrx_word' id='word_1_75' title='bbox 1016 1051 1235 1091; x_wconf 90' lang='lat' dir='ltr'><strong>inimicum</strong></span> <span class='ocrx_word' id='word_1_76' title='bbox 1266 1050 1354 1092; x_wconf 87' lang='lat' dir='ltr'><strong>diu.</strong></span> 
     </span>
     <span class='ocr_line' id='line_1_14' title="bbox 337 1116 1267 1166; baseline -0.001 -8"><span class='ocrx_word' id='word_1_77' title='bbox 337 1123 418 1158; x_wconf 75' lang='lat'><strong>250</strong></span> <span class='ocrx_word' id='word_1_78' title='bbox 449 1118 703 1158; x_wconf 79' lang='lat' dir='ltr'><strong>Iniuriarum</strong></span> <span class='ocrx_word' id='word_1_79' title='bbox 734 1117 1063 1166; x_wconf 85' lang='lat' dir='ltr'><strong>remedium-est</strong></span> <span class='ocrx_word' id='word_1_80' title='bbox 1092 1116 1267 1158; x_wconf 86' lang='lat' dir='ltr'><strong>oblivio.</strong></span> 
     </span>
     <span class='ocr_line' id='line_1_15' title="bbox 445 1182 1688 1240; baseline 0.001 -16"><span class='ocrx_word' id='word_1_81' title='bbox 445 1183 728 1224; x_wconf 71' lang='lat' dir='ltr'><strong>&#39;Iracundizim</strong></span> <span class='ocrx_word' id='word_1_82' title='bbox 759 1184 831 1239; x_wconf 90' lang='lat' dir='ltr'><strong>qui</strong></span> <span class='ocrx_word' id='word_1_83' title='bbox 862 1183 1011 1235; x_wconf 83' lang='lat' dir='ltr'><strong>vincit,</strong></span> <span class='ocrx_word' id='word_1_84' title='bbox 1043 1182 1207 1224; x_wconf 69' lang='lat' dir='ltr'><strong>hdstem</strong></span> <span class='ocrx_word' id='word_1_85' title='bbox 1237 1189 1408 1240; x_wconf 85' lang='lat' dir='ltr'><strong>superat</strong></span> <span class='ocrx_word' id='word_1_86' title='bbox 1437 1185 1688 1226; x_wconf 73' lang='lat' dir='ltr'><strong>nuiximum.</strong></span> 
     </span>
     <span class='ocr_line' id='line_1_16' title="bbox 445 1249 1354 1291; baseline 0.001 -1"><span class='ocrx_word' id='word_1_87' title='bbox 445 1250 608 1291; x_wconf 85' lang='lat' dir='ltr'><strong>Iactum</strong></span> <span class='ocrx_word' id='word_1_88' title='bbox 638 1249 819 1291; x_wconf 84' lang='lat' dir='ltr'><strong>tacendo</strong></span> <span class='ocrx_word' id='word_1_89' title='bbox 849 1251 1007 1291; x_wconf 87' lang='lat' dir='ltr'><strong>crimen</strong></span> <span class='ocrx_word' id='word_1_90' title='bbox 1038 1250 1172 1291; x_wconf 84' lang='lat' dir='ltr'><strong>facias</strong></span> <span class='ocrx_word' id='word_1_91' title='bbox 1201 1250 1354 1291; x_wconf 85' lang='lat' dir='ltr'><strong>acrius.</strong></span> 
     </span>
    </p>
   </div>
   <div class='ocr_carea' id='block_1_3' title="bbox 337 1431 1137 1479">
    <p class='ocr_par' dir='ltr' id='par_1_3' title="bbox 337 1431 1137 1479">
     <span class='ocr_line' id='line_1_17' title="bbox 337 1431 1137 1479; baseline 0 -11"><span class='ocrx_word' id='word_1_92' title='bbox 337 1443 511 1469; x_wconf 66' lang='lat' dir='ltr'><strong>comens</strong></span> <span class='ocrx_word' id='word_1_93' title='bbox 533 1444 564 1468; x_wconf 92' lang='lat' dir='ltr'><strong>v.</strong></span> <span class='ocrx_word' id='word_1_94' title='bbox 589 1432 827 1469; x_wconf 81' lang='lat'>230—263:</span> <span class='ocrx_word' id='word_1_95' title='bbox 848 1432 994 1468; x_wconf 89' lang='lat' dir='ltr'><strong><em>PRBF</em></strong></span> <span class='ocrx_word' id='word_1_96' title='bbox 1010 1431 1137 1479; x_wconf 85' lang='lat' dir='ltr'><em>(TEC)</em></span> 
     </span>
    </p>
   </div>
   <div class='ocr_carea' id='block_1_4' title="bbox 329 1520 1867 2896">
    <p class='ocr_par' dir='ltr' id='par_1_4' title="bbox 332 1520 1843 1734">
     <span class='ocr_line' id='line_1_18' title="bbox 335 1520 1833 1568; baseline 0.001 -12"><span class='ocrx_word' id='word_1_97' title='bbox 335 1522 426 1556; x_wconf 79' lang='grc'><strong>592.</strong></span> <span class='ocrx_word' id='word_1_98' title='bbox 453 1520 531 1557; x_wconf 76' lang='grc'><strong>645</strong></span> <span class='ocrx_word' id='word_1_99' title='bbox 645 1521 813 1556; x_wconf 87' lang='lat' dir='ltr'><strong>delictum</strong></span> <span class='ocrx_word' id='word_1_100' title='bbox 836 1521 994 1565; x_wconf 82' lang='lat' dir='ltr'><strong>Gruter,</strong></span> <span class='ocrx_word' id='word_1_101' title='bbox 1026 1522 1085 1567; x_wconf 83' lang='lat' dir='ltr'><strong>qui</strong></span> <span class='ocrx_word' id='word_1_102' title='bbox 1114 1526 1315 1568; x_wconf 75' lang='lat' dir='ltr'><strong>peccantem</strong></span> <span class='ocrx_word' id='word_1_103' title='bbox 1345 1532 1414 1556; x_wconf 86' lang='lat' dir='ltr'><strong>non</strong></span> <span class='ocrx_word' id='word_1_104' title='bbox 1443 1520 1644 1556; x_wconf 87' lang='lat' dir='ltr'><strong>ulciscendo</strong></span> <span class='ocrx_word' id='word_1_105' title='bbox 1666 1522 1833 1568; x_wconf 77' lang='lat' dir='ltr'><strong>praeterit</strong></span> 
     </span>
     <span class='ocr_line' id='line_1_19' title="bbox 339 1572 1843 1623; baseline 0 -11"><span class='ocrx_word' id='word_1_106' title='bbox 339 1577 368 1612; x_wconf 88' lang='lat' dir='ltr'><em>T</em></span> <span class='ocrx_word' id='word_1_107' title='bbox 479 1576 558 1612; x_wconf 85' lang='lat'><strong>239</strong></span> <span class='ocrx_word' id='word_1_108' title='bbox 589 1572 611 1596; x_wconf 79' lang='lat'><strong>*</strong></span> <span class='ocrx_word' id='word_1_109' title='bbox 635 1576 680 1611; x_wconf 89' lang='lat' dir='ltr'><strong>nil</strong></span> <span class='ocrx_word' id='word_1_110' title='bbox 700 1588 707 1610; x_wconf 73' lang='grc' dir='ltr'><strong>ε</strong></span> <span class='ocrx_word' id='word_1_111' title='bbox 725 1575 810 1611; x_wconf 82' lang='lat' dir='ltr'><strong>nihil</strong></span> <span class='ocrx_word' id='word_1_112' title='bbox 831 1575 895 1611; x_wconf 88' lang='lat' dir='ltr'><strong>LC</strong></span> <span class='ocrx_word' id='word_1_113' title='bbox 1004 1577 1071 1611; x_wconf 90' lang='lat' dir='ltr'><strong>nisi</strong></span> <span class='ocrx_word' id='word_1_114' title='bbox 1093 1587 1159 1612; x_wconf 89' lang='lat' dir='ltr'><strong>om.</strong></span> <span class='ocrx_word' id='word_1_115' title='bbox 1184 1575 1213 1611; x_wconf 84' lang='lat'><em>0</em></span> <span class='ocrx_word' id='word_1_116' title='bbox 1323 1575 1404 1612; x_wconf 83' lang='lat'><strong>240</strong></span> <span class='ocrx_word' id='word_1_117' title='bbox 1435 1576 1492 1623; x_wconf 83' lang='lat' dir='ltr'><strong>Cf.</strong></span> <span class='ocrx_word' id='word_1_118' title='bbox 1516 1589 1547 1613; x_wconf 84' lang='lat' dir='ltr'><strong>v.</strong></span> <span class='ocrx_word' id='word_1_119' title='bbox 1571 1575 1649 1612; x_wconf 83' lang='lat'><strong>284</strong></span> <span class='ocrx_word' id='word_1_120' title='bbox 1736 1576 1843 1612; x_wconf 79' lang='lat' dir='ltr'><strong>rece-&#39;</strong></span> 
     </span>
     <span class='ocr_line' id='line_1_20' title="bbox 333 1630 1832 1679; baseline 0.001 -13"><span class='ocrx_word' id='word_1_121' title='bbox 333 1632 384 1679; x_wconf 85' lang='lat' dir='ltr'><strong>pit</strong></span> <span class='ocrx_word' id='word_1_122' title='bbox 414 1632 464 1677; x_wconf 84' lang='lat' dir='ltr'><strong><em>P,</em></strong></span> <span class='ocrx_word' id='word_1_123' title='bbox 493 1634 577 1667; x_wconf 83' lang='lat' dir='ltr'><strong>ilem</strong></span> <span class='ocrx_word' id='word_1_124' title='bbox 605 1632 640 1667; x_wconf 86' lang='lat' dir='ltr'><em>R</em></span> <span class='ocrx_word' id='word_1_125' title='bbox 669 1633 736 1667; x_wconf 86' lang='lat' dir='ltr'><strong>sed</strong></span> <span class='ocrx_word' id='word_1_126' title='bbox 758 1636 900 1677; x_wconf 84' lang='lat' dir='ltr'><strong>puncto</strong></span> <span class='ocrx_word' id='word_1_127' title='bbox 924 1642 1045 1677; x_wconf 83' lang='lat' dir='ltr'><strong>supra</strong></span> <span class='ocrx_word' id='word_1_128' title='bbox 1074 1642 1093 1667; x_wconf 88' lang='lat' dir='ltr'><strong>e</strong></span> <span class='ocrx_word' id='word_1_129' title='bbox 1123 1632 1269 1677; x_wconf 79' lang='lat' dir='ltr'><strong>addito,</strong></span> <span class='ocrx_word' id='word_1_130' title='bbox 1298 1632 1368 1668; x_wconf 84' lang='lat' dir='ltr'><strong>sert</strong></span> <span class='ocrx_word' id='word_1_131' title='bbox 1398 1631 1432 1666; x_wconf 84' lang='lat' dir='ltr'><em>T</em></span> <span class='ocrx_word' id='word_1_132' title='bbox 1542 1630 1618 1667; x_wconf 83' lang='lat'><strong>241</strong></span> <span class='ocrx_word' id='word_1_133' title='bbox 1651 1632 1722 1668; x_wconf 78' lang='lat' dir='ltr'><strong>hoe</strong></span> <span class='ocrx_word' id='word_1_134' title='bbox 1749 1633 1832 1668; x_wconf 80' lang='lat' dir='ltr'><strong>loeo</strong></span> 
     </span>
     <span class='ocr_line' id='line_1_21' title="bbox 332 1686 1833 1734; baseline 0.001 -12"><span class='ocrx_word' id='word_1_135' title='bbox 332 1687 493 1730; x_wconf 84' lang='lat' dir='ltr'><strong><em>PRBE,</em></strong></span> <span class='ocrx_word' id='word_1_136' title='bbox 526 1686 632 1734; x_wconf 84' lang='lat' dir='ltr'><strong>infra</strong></span> <span class='ocrx_word' id='word_1_137' title='bbox 659 1692 743 1732; x_wconf 81' lang='lat' dir='ltr'><strong>post</strong></span> <span class='ocrx_word' id='word_1_138' title='bbox 772 1699 804 1723; x_wconf 87' lang='lat' dir='ltr'><strong>v.</strong></span> <span class='ocrx_word' id='word_1_139' title='bbox 834 1686 913 1723; x_wconf 83' lang='lat'><strong>263</strong></span> <span class='ocrx_word' id='word_1_140' title='bbox 934 1687 978 1722; x_wconf 87' lang='lat' dir='ltr'><strong>F.</strong></span> <span class='ocrx_word' id='word_1_141' title='bbox 1039 1687 1097 1733; x_wconf 81' lang='lat' dir='ltr'><strong>Cf.</strong></span> <span class='ocrx_word' id='word_1_142' title='bbox 1129 1699 1159 1723; x_wconf 81' lang='lat' dir='ltr'><strong>v.</strong></span> <span class='ocrx_word' id='word_1_143' title='bbox 1185 1686 1262 1723; x_wconf 82' lang='lat'><strong>146</strong></span> <span class='ocrx_word' id='word_1_144' title='bbox 1390 1687 1536 1722; x_wconf 75' lang='lat' dir='ltr'><strong>invitare</strong></span> <span class='ocrx_word' id='word_1_145' title='bbox 1565 1689 1662 1723; x_wconf 84' lang='lat' dir='ltr'><strong>coni.</strong></span> <span class='ocrx_word' id='word_1_146' title='bbox 1694 1687 1833 1723; x_wconf 79' lang='lat' dir='ltr'><strong>Gruter</strong></span> 
     </span>
    </p>

    <p class='ocr_par' dir='ltr' id='par_1_5' title="bbox 332 1740 1832 2011">
     <span class='ocr_line' id='line_1_22' title="bbox 442 1740 1830 1788; baseline 0.001 -12"><span class='ocrx_word' id='word_1_147' title='bbox 442 1740 464 1763; x_wconf 53' lang='lat' dir='ltr'><strong>&#39;f&#39;-</strong></span> <span class='ocrx_word' id='word_1_148' title='bbox 485 1753 606 1777; x_wconf 84' lang='lat' dir='ltr'><strong>voces:</strong></span> <span class='ocrx_word' id='word_1_149' title='bbox 636 1742 815 1777; x_wconf 86' lang='lat' dir='ltr'><strong>vocaveris</strong></span> <span class='ocrx_word' id='word_1_150' title='bbox 837 1742 922 1788; x_wconf 88' lang='lat' dir='ltr'><strong><em>BC,</em></strong></span> <span class='ocrx_word' id='word_1_151' title='bbox 944 1741 1126 1778; x_wconf 80' lang='lat' dir='ltr'><strong>vocaberis</strong></span> <span class='ocrx_word' id='word_1_152' title='bbox 1147 1743 1272 1787; x_wconf 89' lang='lat' dir='ltr'><strong><em>PRE,</em></strong></span> <span class='ocrx_word' id='word_1_153' title='bbox 1295 1742 1425 1778; x_wconf 79' lang='lat' dir='ltr'><strong>dixeris</strong></span> <span class='ocrx_word' id='word_1_154' title='bbox 1451 1742 1706 1788; x_wconf 75' lang='lat' dir='ltr'><strong>panthaleon,</strong></span> <span class='ocrx_word' id='word_1_155' title='bbox 1726 1752 1830 1778; x_wconf 84' lang='lat' dir='ltr'><strong>vocas</strong></span> 
     </span>
     <span class='ocr_line' id='line_1_23' title="bbox 336 1797 1831 1846; baseline -0.001 -12"><span class='ocrx_word' id='word_1_156' title='bbox 336 1799 488 1845; x_wconf 74' lang='lat' dir='ltr'><strong>Inyolst.</strong></span> <span class='ocrx_word' id='word_1_157' title='bbox 519 1798 696 1833; x_wconf 89' lang='lat' dir='ltr'><strong>vocaveris</strong></span> <span class='ocrx_word' id='word_1_158' title='bbox 726 1797 862 1833; x_wconf 81' lang='lat' dir='ltr'><strong>felicem</strong></span> <span class='ocrx_word' id='word_1_159' title='bbox 891 1797 928 1832; x_wconf 86' lang='lat' dir='ltr'><strong><em>F</em></strong></span> <span class='ocrx_word' id='word_1_160' title='bbox 1059 1797 1138 1833; x_wconf 86' lang='grc'><strong>242</strong></span> <span class='ocrx_word' id='word_1_161' title='bbox 1170 1807 1293 1845; x_wconf 85' lang='lat' dir='ltr'><strong>pecces</strong></span> <span class='ocrx_word' id='word_1_162' title='bbox 1322 1798 1410 1833; x_wconf 86' lang='lat' dir='ltr'><strong>BF.-</strong></span> <span class='ocrx_word' id='word_1_163' title='bbox 1440 1808 1563 1846; x_wconf 89' lang='lat' dir='ltr'><strong>peccas</strong></span> <span class='ocrx_word' id='word_1_164' title='bbox 1595 1797 1642 1843; x_wconf 81' lang='lat'><strong><em>0,</em></strong></span> <span class='ocrx_word' id='word_1_165' title='bbox 1668 1797 1831 1844; x_wconf 79' lang='lat' dir='ltr'><strong>profecto</strong></span> 
     </span>
     <span class='ocr_line' id='line_1_24' title="bbox 333 1853 1832 1900; baseline 0 -12"><span class='ocrx_word' id='word_1_166' title='bbox 333 1864 454 1900; x_wconf 84' lang='lat' dir='ltr'><strong>peccas</strong></span> <span class='ocrx_word' id='word_1_167' title='bbox 481 1854 528 1898; x_wconf 93' lang='lat' dir='ltr'><strong><em>T,</em></strong></span> <span class='ocrx_word' id='word_1_168' title='bbox 558 1860 660 1900; x_wconf 82' lang='lat' dir='ltr'><strong>pecas</strong></span> <span class='ocrx_word' id='word_1_169' title='bbox 681 1853 731 1897; x_wconf 87' lang='lat' dir='ltr'><strong><em>P,</em></strong></span> <span class='ocrx_word' id='word_1_170' title='bbox 762 1853 877 1900; x_wconf 85' lang='lat' dir='ltr'><strong>peccis</strong></span> <span class='ocrx_word' id='word_1_171' title='bbox 904 1853 934 1889; x_wconf 87' lang='lat' dir='ltr'><em>R</em></span> <span class='ocrx_word' id='word_1_172' title='bbox 1066 1853 1100 1888; x_wconf 91' lang='lat' dir='ltr'><strong>in</strong></span> <span class='ocrx_word' id='word_1_173' title='bbox 1132 1863 1210 1888; x_wconf 82' lang='lat' dir='ltr'><strong>cnm</strong></span> <span class='ocrx_word' id='word_1_174' title='bbox 1240 1864 1308 1888; x_wconf 90' lang='lat' dir='ltr'><strong>om.</strong></span> <span class='ocrx_word' id='word_1_175' title='bbox 1336 1853 1368 1888; x_wconf 91' lang='lat' dir='ltr'><em>T</em></span> <span class='ocrx_word' id='word_1_176' title='bbox 1494 1853 1553 1900; x_wconf 86' lang='lat' dir='ltr'><strong>qui</strong></span> <span class='ocrx_word' id='word_1_177' title='bbox 1582 1858 1703 1900; x_wconf 88' lang='lat' dir='ltr'><strong>peccat</strong></span> <span class='ocrx_word' id='word_1_178' title='bbox 1734 1853 1832 1900; x_wconf 83' lang='lat' dir='ltr'><strong>prior</strong></span> 
     </span>
     <span class='ocr_line' id='line_1_25' title="bbox 332 1906 1831 1955; baseline 0 -11"><span class='ocrx_word' id='word_1_179' title='bbox 332 1910 547 1944; x_wconf 81' lang='lat' dir='ltr'><strong>Bentleius:</strong></span> <span class='ocrx_word' id='word_1_180' title='bbox 579 1909 638 1955; x_wconf 82' lang='lat' dir='ltr'><strong>qui</strong></span> <span class='ocrx_word' id='word_1_181' title='bbox 659 1908 756 1955; x_wconf 86' lang='lat' dir='ltr'><strong>prior</strong></span> <span class='ocrx_word' id='word_1_182' title='bbox 776 1908 811 1943; x_wconf 90' lang='lat' dir='ltr'><strong>in</strong></span> <span class='ocrx_word' id='word_1_183' title='bbox 833 1919 912 1943; x_wconf 89' lang='lat' dir='ltr'><strong>eum</strong></span> <span class='ocrx_word' id='word_1_184' title='bbox 934 1909 1130 1955; x_wconf 89' lang='lat' dir='ltr'><strong>peccaverit</strong></span> <span class='ocrx_word' id='word_1_185' title='bbox 1154 1908 1199 1953; x_wconf 89' lang='grc' dir='ltr'><strong>Τ,</strong></span> <span class='ocrx_word' id='word_1_186' title='bbox 1230 1909 1289 1955; x_wconf 88' lang='lat' dir='ltr'><strong>qui</strong></span> <span class='ocrx_word' id='word_1_187' title='bbox 1311 1913 1432 1955; x_wconf 80' lang='lat' dir='ltr'><strong>peccat</strong></span> <span class='ocrx_word' id='word_1_188' title='bbox 1452 1908 1565 1943; x_wconf 87' lang='lat' dir='ltr'><strong>rarior</strong></span> <span class='ocrx_word' id='word_1_189' title='bbox 1583 1906 1663 1948; x_wconf 79' lang='lat' dir='ltr'><strong><em>LC,·</em></strong></span> <span class='ocrx_word' id='word_1_190' title='bbox 1689 1908 1831 1954; x_wconf 86' lang='lat' dir='ltr'><strong>impune</strong></span> 
     </span>
     <span class='ocr_line' id='line_1_26' title="bbox 332 1964 1829 2011; baseline 0 -12"><span class='ocrx_word' id='word_1_191' title='bbox 332 1969 451 2011; x_wconf 83' lang='lat' dir='ltr'><strong>peccat</strong></span> <span class='ocrx_word' id='word_1_192' title='bbox 482 1975 559 1998; x_wconf 89' lang='lat' dir='ltr'><strong>cum</strong></span> <span class='ocrx_word' id='word_1_193' title='bbox 589 1964 667 2010; x_wconf 83' lang='lat' dir='ltr'><strong>quis</strong></span> <span class='ocrx_word' id='word_1_194' title='bbox 699 1968 822 2010; x_wconf 82' lang='lat' dir='ltr'><strong>peccat</strong></span> <span class='ocrx_word' id='word_1_195' title='bbox 849 1964 962 1998; x_wconf 84' lang='lat' dir='ltr'><strong>rarior</strong></span> <span class='ocrx_word' id='word_1_196' title='bbox 988 1964 1193 1999; x_wconf 82' lang='lat' dir='ltr'><strong>Fabricius</strong></span> <span class='ocrx_word' id='word_1_197' title='bbox 1220 1974 1267 1999; x_wconf 85' lang='lat' dir='ltr'><strong>ac</strong></span> <span class='ocrx_word' id='word_1_198' title='bbox 1295 1965 1465 1999; x_wconf 79' lang='lat' dir='ltr'><strong>simililer</strong></span> <span class='ocrx_word' id='word_1_199' title='bbox 1491 1965 1565 1999; x_wconf 80' lang='lat' dir='ltr'><strong>iam</strong></span> <span class='ocrx_word' id='word_1_200' title='bbox 1592 1964 1829 2000; x_wconf 77' lang='lat' dir='ltr'><strong>Panthazeon</strong></span> 
     </span>
    </p>

    <p class='ocr_par' dir='ltr' id='par_1_6' title="bbox 330 2017 1831 2286">
     <span class='ocr_line' id='line_1_27' title="bbox 443 2017 1831 2066; baseline -0.001 -12"><span class='ocrx_word' id='word_1_201' title='bbox 443 2018 522 2054; x_wconf 85' lang='grc'><strong>243</strong></span> <span class='ocrx_word' id='word_1_202' title='bbox 555 2020 613 2054; x_wconf 89' lang='lat' dir='ltr'><strong>uni</strong></span> <span class='ocrx_word' id='word_1_203' title='bbox 638 2018 671 2053; x_wconf 89' lang='lat' dir='ltr'><em>T</em></span> <span class='ocrx_word' id='word_1_204' title='bbox 780 2018 943 2054; x_wconf 88' lang='lat' dir='ltr'><strong>omnibns</strong></span> <span class='ocrx_word' id='word_1_205' title='bbox 971 2019 1108 2054; x_wconf 83' lang='lat' dir='ltr'><strong>miseris</strong></span> <span class='ocrx_word' id='word_1_206' title='bbox 1130 2019 1283 2066; x_wconf 76' lang='lat' dir='ltr'><strong>Inyolst.</strong></span> <span class='ocrx_word' id='word_1_207' title='bbox 1313 2017 1475 2054; x_wconf 90' lang='lat' dir='ltr'><strong>omnibus</strong></span> <span class='ocrx_word' id='word_1_208' title='bbox 1504 2019 1665 2054; x_wconf 87' lang='lat' dir='ltr'><strong>miserior</strong></span> <span class='ocrx_word' id='word_1_209' title='bbox 1687 2018 1738 2063; x_wconf 87' lang='lat' dir='ltr'><strong><em>T,</em></strong></span> <span class='ocrx_word' id='word_1_210' title='bbox 1767 2019 1831 2054; x_wconf 91' lang='lat' dir='ltr'><strong>mi-</strong></span> 
     </span>
     <span class='ocr_line' id='line_1_28' title="bbox 331 2070 1829 2120; baseline 0.001 -11"><span class='ocrx_word' id='word_1_211' title='bbox 331 2076 419 2110; x_wconf 86' lang='lat' dir='ltr'><strong>seris</strong></span> <span class='ocrx_word' id='word_1_212' title='bbox 437 2074 598 2110; x_wconf 88' lang='lat' dir='ltr'><strong>omnibus</strong></span> <span class='ocrx_word' id='word_1_213' title='bbox 613 2075 655 2119; x_wconf 92' lang='lat' dir='ltr'><strong><em>L,</em></strong></span> <span class='ocrx_word' id='word_1_214' title='bbox 684 2074 789 2110; x_wconf 84' lang='lat' dir='ltr'><strong>Vinc.</strong></span> <span class='ocrx_word' id='word_1_215' title='bbox 807 2074 903 2110; x_wconf 83' lang='lat' dir='ltr'><strong>Bell.</strong></span> <span class='ocrx_word' id='word_1_216' title='bbox 924 2085 979 2120; x_wconf 85' lang='lat' dir='ltr'><strong>sp.</strong></span> <span class='ocrx_word' id='word_1_217' title='bbox 996 2075 1029 2109; x_wconf 87' lang='lat' dir='ltr'><strong>d.</strong></span> <span class='ocrx_word' id='word_1_218' title='bbox 1047 2074 1085 2119; x_wconf 84' lang='lat'><strong><em>4,</em></strong></span> <span class='ocrx_word' id='word_1_219' title='bbox 1103 2074 1170 2119; x_wconf 84' lang='grc'><strong>54,</strong></span> <span class='ocrx_word' id='word_1_220' title='bbox 1192 2075 1309 2109; x_wconf 82' lang='lat' dir='ltr'><strong>missis</strong></span> <span class='ocrx_word' id='word_1_221' title='bbox 1330 2073 1492 2119; x_wconf 77' lang='lat' dir='ltr'><strong>omnibus</strong></span> <span class='ocrx_word' id='word_1_222' title='bbox 1510 2074 1539 2110; x_wconf 80' lang='lat'><em>0</em></span> <span class='ocrx_word' id='word_1_223' title='bbox 1645 2073 1724 2108; x_wconf 90' lang='grc'><strong>244</strong></span> <span class='ocrx_word' id='word_1_224' title='bbox 1754 2070 1777 2095; x_wconf 78' lang='grc'>*</span> <span class='ocrx_word' id='word_1_225' title='bbox 1794 2074 1829 2110; x_wconf 87' lang='lat' dir='ltr'><strong>in</strong></span> 
     </span>
     <span class='ocr_line' id='line_1_29' title="bbox 331 2127 1829 2176; baseline 0 -12"><span class='ocrx_word' id='word_1_226' title='bbox 331 2130 469 2165; x_wconf 85' lang='lat' dir='ltr'><strong>miseria</strong></span> <span class='ocrx_word' id='word_1_227' title='bbox 495 2130 598 2165; x_wconf 87' lang='lat' dir='ltr'><strong>etiam</strong></span> <span class='ocrx_word' id='word_1_228' title='bbox 627 2130 715 2165; x_wconf 87' lang='lat' dir='ltr'><strong>vita:</strong></span> <span class='ocrx_word' id='word_1_229' title='bbox 745 2130 780 2165; x_wconf 89' lang='lat' dir='ltr'><strong>in</strong></span> <span class='ocrx_word' id='word_1_230' title='bbox 802 2130 927 2165; x_wconf 86' lang='lat' dir='ltr'><strong>misera</strong></span> <span class='ocrx_word' id='word_1_231' title='bbox 948 2130 1016 2165; x_wconf 85' lang='lat' dir='ltr'><strong>vita</strong></span> <span class='ocrx_word' id='word_1_232' title='bbox 1039 2130 1141 2165; x_wconf 86' lang='lat' dir='ltr'><strong>etiam</strong></span> <span class='ocrx_word' id='word_1_233' title='bbox 1163 2130 1209 2174; x_wconf 87' lang='lat' dir='ltr'><strong><em>F,</em></strong></span> <span class='ocrx_word' id='word_1_234' title='bbox 1238 2130 1272 2165; x_wconf 87' lang='lat' dir='ltr'><strong>in</strong></span> <span class='ocrx_word' id='word_1_235' title='bbox 1295 2129 1433 2164; x_wconf 85' lang='lat' dir='ltr'><strong>miseria</strong></span> <span class='ocrx_word' id='word_1_236' title='bbox 1453 2130 1521 2165; x_wconf 87' lang='lat' dir='ltr'><strong>vita</strong></span> <span class='ocrx_word' id='word_1_237' title='bbox 1543 2128 1691 2176; x_wconf 81' lang='lat' dir='ltr'><strong>(omisso</strong></span> <span class='ocrx_word' id='word_1_238' title='bbox 1711 2127 1829 2175; x_wconf 82' lang='lat' dir='ltr'><strong>etiam)</strong></span> 
     </span>
     <span class='ocr_line' id='line_1_30' title="bbox 335 2185 1830 2231; baseline 0.001 -12"><span class='ocrx_word' id='word_1_239' title='bbox 335 2185 420 2231; x_wconf 84' lang='lat' dir='ltr'><strong><em>PR,</em></strong></span> <span class='ocrx_word' id='word_1_240' title='bbox 451 2186 486 2221; x_wconf 87' lang='lat' dir='ltr'><strong>in</strong></span> <span class='ocrx_word' id='word_1_241' title='bbox 516 2186 641 2220; x_wconf 83' lang='lat' dir='ltr'><strong>misera</strong></span> <span class='ocrx_word' id='word_1_242' title='bbox 669 2185 738 2220; x_wconf 89' lang='lat' dir='ltr'><strong>vita</strong></span> <span class='ocrx_word' id='word_1_243' title='bbox 759 2185 811 2225; x_wconf 80' lang='lat' dir='ltr'><strong>B,</strong></span> <span class='ocrx_word' id='word_1_244' title='bbox 842 2185 878 2220; x_wconf 91' lang='lat' dir='ltr'><strong>in</strong></span> <span class='ocrx_word' id='word_1_245' title='bbox 906 2185 1035 2220; x_wconf 89' lang='lat' dir='ltr'><strong>misero</strong></span> <span class='ocrx_word' id='word_1_246' title='bbox 1063 2185 1133 2220; x_wconf 89' lang='lat' dir='ltr'><strong>vita</strong></span> <span class='ocrx_word' id='word_1_247' title='bbox 1161 2189 1216 2220; x_wconf 86' lang='lat' dir='ltr'><strong>est</strong></span> <span class='ocrx_word' id='word_1_248' title='bbox 1242 2185 1344 2220; x_wconf 87' lang='lat' dir='ltr'><strong>etiam</strong></span> <span class='ocrx_word' id='word_1_249' title='bbox 1367 2189 1462 2219; x_wconf 88' lang='lat' dir='ltr'><strong>cont.</strong></span> <span class='ocrx_word' id='word_1_250' title='bbox 1489 2185 1624 2230; x_wconf 80' lang='lat' dir='ltr'><strong>Bothe,</strong></span> <span class='ocrx_word' id='word_1_251' title='bbox 1649 2185 1684 2220; x_wconf 93' lang='lat' dir='ltr'><strong>in</strong></span> <span class='ocrx_word' id='word_1_252' title='bbox 1711 2185 1830 2220; x_wconf 86' lang='lat' dir='ltr'><strong>miseri</strong></span> 
     </span>
     <span class='ocr_line' id='line_1_31' title="bbox 330 2238 1822 2286; baseline 0.001 -12"><span class='ocrx_word' id='word_1_253' title='bbox 330 2241 432 2275; x_wconf 91' lang='lat' dir='ltr'><strong>vitam</strong></span> <span class='ocrx_word' id='word_1_254' title='bbox 451 2245 525 2276; x_wconf 83' lang='lat' dir='ltr'><strong>tuta</strong></span> <span class='ocrx_word' id='word_1_255' title='bbox 541 2240 755 2276; x_wconf 83' lang='lat' dir='ltr'><strong>contumelia</strong></span> <span class='ocrx_word' id='word_1_256' title='bbox 770 2244 826 2276; x_wconf 88' lang='lat' dir='ltr'><strong>est</strong></span> <span class='ocrx_word' id='word_1_257' title='bbox 842 2241 1025 2276; x_wconf 81' lang='lat' dir='ltr'><strong>Halmius.</strong></span> <span class='ocrx_word' id='word_1_258' title='bbox 1052 2240 1107 2286; x_wconf 79' lang='lat' dir='ltr'><strong>Cf.</strong></span> <span class='ocrx_word' id='word_1_259' title='bbox 1119 2251 1150 2276; x_wconf 88' lang='lat' dir='ltr'><strong>v.</strong></span> <span class='ocrx_word' id='word_1_260' title='bbox 1165 2239 1345 2276; x_wconf 85' lang='grc'><strong>256.277</strong></span> <span class='ocrx_word' id='word_1_261' title='bbox 1425 2238 1504 2275; x_wconf 83' lang='grc'><strong>245</strong></span> <span class='ocrx_word' id='word_1_262' title='bbox 1534 2240 1674 2276; x_wconf 80' lang='lat' dir='ltr'><strong>Gellius</strong></span> <span class='ocrx_word' id='word_1_263' title='bbox 1690 2239 1753 2286; x_wconf 86' lang='grc'><strong>17,</strong></span> <span class='ocrx_word' id='word_1_264' title='bbox 1775 2238 1822 2275; x_wconf 88' lang='grc'><strong>14</strong></span> 
     </span>
    </p>

    <p class='ocr_par' dir='ltr' id='par_1_7' title="bbox 329 2294 1867 2896">
     <span class='ocr_line' id='line_1_32' title="bbox 441 2294 1826 2342; baseline 0 -12"><span class='ocrx_word' id='word_1_265' title='bbox 441 2295 517 2331; x_wconf 81' lang='lat' dir='ltr'><strong>fieri</strong></span> <span class='ocrx_word' id='word_1_266' title='bbox 536 2298 574 2331; x_wconf 86' lang='lat' dir='ltr'><strong>in</strong></span> <span class='ocrx_word' id='word_1_267' title='bbox 596 2296 629 2330; x_wconf 92' lang='lat' dir='ltr'><em>B</em></span> <span class='ocrx_word' id='word_1_268' title='bbox 649 2305 723 2331; x_wconf 88' lang='lat' dir='ltr'><strong>sec.</strong></span> <span class='ocrx_word' id='word_1_269' title='bbox 745 2307 790 2331; x_wconf 86' lang='lat' dir='ltr'><strong>m.</strong></span> <span class='ocrx_word' id='word_1_270' title='bbox 812 2306 894 2341; x_wconf 85' lang='lat' dir='ltr'><strong>sup.</strong></span> <span class='ocrx_word' id='word_1_271' title='bbox 917 2305 992 2331; x_wconf 88' lang='lat' dir='ltr'><strong>scr.</strong></span> <span class='ocrx_word' id='word_1_272' title='bbox 1098 2295 1192 2331; x_wconf 86' lang='lat' dir='ltr'><strong>hunc</strong></span> <span class='ocrx_word' id='word_1_273' title='bbox 1212 2295 1260 2330; x_wconf 89' lang='lat' dir='ltr'><strong>in.</strong></span> <span class='ocrx_word' id='word_1_274' title='bbox 1284 2300 1388 2342; x_wconf 89' lang='lat' dir='ltr'><strong>putes</strong></span> <span class='ocrx_word' id='word_1_275' title='bbox 1410 2294 1636 2331; x_wconf 73' lang='lat' dir='ltr'><strong>Bernensz’s:</strong></span> <span class='ocrx_word' id='word_1_276' title='bbox 1664 2306 1699 2342; x_wconf 89' lang='lat' dir='ltr'><strong>p.</strong></span> <span class='ocrx_word' id='word_1_277' title='bbox 1722 2295 1758 2331; x_wconf 87' lang='lat' dir='ltr'><strong>h.</strong></span> <span class='ocrx_word' id='word_1_278' title='bbox 1779 2295 1826 2330; x_wconf 88' lang='lat' dir='ltr'><strong>in.</strong></span> 
     </span>
     <span class='ocr_line' id='line_1_33' title="bbox 330 2349 1867 2398; baseline 0 -12"><span class='ocrx_word' id='word_1_279' title='bbox 330 2351 376 2396; x_wconf 94' lang='lat' dir='ltr'><strong><em>F,</em></strong></span> <span class='ocrx_word' id='word_1_280' title='bbox 399 2351 492 2386; x_wconf 89' lang='lat' dir='ltr'><strong>hunc</strong></span> <span class='ocrx_word' id='word_1_281' title='bbox 512 2362 583 2386; x_wconf 87' lang='lat' dir='ltr'><strong>non</strong></span> <span class='ocrx_word' id='word_1_282' title='bbox 603 2351 650 2386; x_wconf 90' lang='lat' dir='ltr'><strong>in.</strong></span> <span class='ocrx_word' id='word_1_283' title='bbox 674 2362 707 2398; x_wconf 88' lang='lat' dir='ltr'><strong>p.</strong></span> <span class='ocrx_word' id='word_1_284' title='bbox 725 2350 851 2391; x_wconf 83' lang='lat' dir='ltr'><em>PRB‚·</em></span> <span class='ocrx_word' id='word_1_285' title='bbox 881 2355 919 2385; x_wconf 89' lang='lat' dir='ltr'><strong>ut</strong></span> <span class='ocrx_word' id='word_1_286' title='bbox 940 2351 1035 2386; x_wconf 84' lang='lat' dir='ltr'><strong>hunc</strong></span> <span class='ocrx_word' id='word_1_287' title='bbox 1055 2349 1129 2386; x_wconf 81' lang='lat' dir='ltr'><strong>fieri</strong></span> <span class='ocrx_word' id='word_1_288' title='bbox 1151 2360 1257 2398; x_wconf 86' lang='lat' dir='ltr'><strong>posse</strong></span> <span class='ocrx_word' id='word_1_289' title='bbox 1277 2350 1454 2386; x_wconf 88' lang='lat' dir='ltr'><strong>inimicum</strong></span> <span class='ocrx_word' id='word_1_290' title='bbox 1477 2355 1580 2398; x_wconf 83' lang='lat' dir='ltr'><strong>putes</strong></span> <span class='ocrx_word' id='word_1_291' title='bbox 1612 2350 1715 2387; x_wconf 79' lang='lat' dir='ltr'><strong>Vinc.</strong></span> <span class='ocrx_word' id='word_1_292' title='bbox 1735 2351 1825 2386; x_wconf 83' lang='lat' dir='ltr'><strong>Bell.</strong></span> <span class='ocrx_word' id='word_1_293' title='bbox 1860 2367 1867 2374; x_wconf 60' lang='grc'><strong><em>’</em></strong></span> 
     </span>
     <span class='ocr_line' id='line_1_34' title="bbox 329 2404 1828 2453; baseline 0 -12"><span class='ocrx_word' id='word_1_294' title='bbox 329 2417 385 2452; x_wconf 83' lang='lat' dir='ltr'><strong>sp.</strong></span> <span class='ocrx_word' id='word_1_295' title='bbox 409 2407 444 2442; x_wconf 83' lang='lat' dir='ltr'><strong>d.</strong></span> <span class='ocrx_word' id='word_1_296' title='bbox 468 2406 512 2450; x_wconf 85' lang='lat'><strong><em>5,</em></strong></span> <span class='ocrx_word' id='word_1_297' title='bbox 531 2405 605 2451; x_wconf 92' lang='lat'><strong><em>88,</em></strong></span> <span class='ocrx_word' id='word_1_298' title='bbox 628 2411 667 2441; x_wconf 86' lang='lat' dir='ltr'><strong>ut</strong></span> <span class='ocrx_word' id='word_1_299' title='bbox 693 2406 741 2441; x_wconf 89' lang='lat' dir='ltr'><strong>in.</strong></span> <span class='ocrx_word' id='word_1_300' title='bbox 765 2404 839 2441; x_wconf 70' lang='lat' dir='ltr'><strong>fieri</strong></span> <span class='ocrx_word' id='word_1_301' title='bbox 867 2417 973 2453; x_wconf 85' lang='lat' dir='ltr'><strong>posse</strong></span> <span class='ocrx_word' id='word_1_302' title='bbox 1001 2406 1090 2441; x_wconf 90' lang='lat' dir='ltr'><strong>scias</strong></span> <span class='ocrx_word' id='word_1_303' title='bbox 1113 2405 1141 2441; x_wconf 79' lang='lat'><em>0</em></span> <span class='ocrx_word' id='word_1_304' title='bbox 1260 2405 1339 2442; x_wconf 88' lang='grc'><strong>246</strong></span> <span class='ocrx_word' id='word_1_305' title='bbox 1374 2405 1436 2442; x_wconf 81' lang='lat' dir='ltr'><strong>TC</strong></span> <span class='ocrx_word' id='word_1_306' title='bbox 1550 2417 1592 2442; x_wconf 91' lang='lat' dir='ltr'><strong>an</strong></span> <span class='ocrx_word' id='word_1_307' title='bbox 1614 2405 1638 2441; x_wconf 76' lang='lat' dir='ltr'><strong>f.</strong></span> <span class='ocrx_word' id='word_1_308' title='bbox 1661 2416 1703 2441; x_wconf 82' lang='lat' dir='ltr'><strong>an</strong></span> <span class='ocrx_word' id='word_1_309' title='bbox 1725 2405 1750 2441; x_wconf 77' lang='lat' dir='ltr'><strong>s.</strong></span> <span class='ocrx_word' id='word_1_310' title='bbox 1774 2405 1828 2446; x_wconf 78' lang='lat' dir='ltr'><strong>F,-</strong></span> 
     </span>
     <span class='ocr_line' id='line_1_35' title="bbox 331 2460 1859 2508; baseline 0.001 -13"><span class='ocrx_word' id='word_1_311' title='bbox 331 2461 409 2497; x_wconf 79' lang='lat' dir='ltr'><strong>filex</strong></span> <span class='ocrx_word' id='word_1_312' title='bbox 431 2462 500 2498; x_wconf 87' lang='lat' dir='ltr'><strong>PR</strong></span> <span class='ocrx_word' id='word_1_313' title='bbox 614 2460 692 2496; x_wconf 86' lang='grc'><strong>247</strong></span> <span class='ocrx_word' id='word_1_314' title='bbox 725 2461 782 2508; x_wconf 82' lang='lat' dir='ltr'><strong>Cf.</strong></span> <span class='ocrx_word' id='word_1_315' title='bbox 807 2473 839 2498; x_wconf 85' lang='lat' dir='ltr'><strong>v.</strong></span> <span class='ocrx_word' id='word_1_316' title='bbox 863 2461 912 2497; x_wconf 88' lang='lat'><strong>13</strong></span> <span class='ocrx_word' id='word_1_317' title='bbox 1027 2465 1081 2497; x_wconf 89' lang='lat' dir='ltr'><strong>est</strong></span> <span class='ocrx_word' id='word_1_318' title='bbox 1101 2461 1141 2497; x_wconf 89' lang='lat' dir='ltr'><strong>ir.</strong></span> <span class='ocrx_word' id='word_1_319' title='bbox 1163 2462 1210 2507; x_wconf 89' lang='lat' dir='ltr'><strong><em>F,</em></strong></span> <span class='ocrx_word' id='word_1_320' title='bbox 1231 2465 1287 2497; x_wconf 89' lang='lat' dir='ltr'><strong>est</strong></span> <span class='ocrx_word' id='word_1_321' title='bbox 1307 2461 1343 2496; x_wconf 93' lang='lat' dir='ltr'><em>B</em></span> <span class='ocrx_word' id='word_1_322' title='bbox 1362 2471 1438 2497; x_wconf 87' lang='lat' dir='ltr'><strong>sec.</strong></span> <span class='ocrx_word' id='word_1_323' title='bbox 1460 2473 1507 2497; x_wconf 91' lang='lat' dir='ltr'><strong>m.</strong></span> <span class='ocrx_word' id='word_1_324' title='bbox 1622 2460 1701 2498; x_wconf 87' lang='grc'><strong>248</strong></span> <span class='ocrx_word' id='word_1_325' title='bbox 1732 2463 1770 2497; x_wconf 77' lang='lat' dir='ltr'><strong>in</strong></span> <span class='ocrx_word' id='word_1_326' title='bbox 1792 2461 1828 2496; x_wconf 86' lang='lat' dir='ltr'><strong><em>F</em></strong></span> <span class='ocrx_word' id='word_1_327' title='bbox 1855 2470 1859 2474; x_wconf 83' lang='grc'><em>·</em></span> 
     </span>
     <span class='ocr_line' id='line_1_36' title="bbox 329 2515 1825 2563; baseline 0 -11"><span class='ocrx_word' id='word_1_328' title='bbox 329 2519 462 2553; x_wconf 84' lang='lat' dir='ltr'><strong>iterum</strong></span> <span class='ocrx_word' id='word_1_329' title='bbox 488 2521 578 2563; x_wconf 80' lang='lat' dir='ltr'><strong>post</strong></span> <span class='ocrx_word' id='word_1_330' title='bbox 607 2529 636 2553; x_wconf 83' lang='grc' dir='ltr'><strong>υ.</strong></span> <span class='ocrx_word' id='word_1_331' title='bbox 670 2515 768 2552; x_wconf 79' lang='lat'>262:</span> <span class='ocrx_word' id='word_1_332' title='bbox 803 2516 875 2552; x_wconf 83' lang='lat' dir='ltr'><strong>lnv.</strong></span> <span class='ocrx_word' id='word_1_333' title='bbox 906 2517 1008 2552; x_wconf 83' lang='lat' dir='ltr'><strong>tacita</strong></span> <span class='ocrx_word' id='word_1_334' title='bbox 1041 2517 1144 2552; x_wconf 89' lang='lat' dir='ltr'><strong>citius</strong></span> <span class='ocrx_word' id='word_1_335' title='bbox 1178 2517 1313 2552; x_wconf 81' lang='lat' dir='ltr'><strong>inimica</strong></span> <span class='ocrx_word' id='word_1_336' title='bbox 1349 2517 1512 2552; x_wconf 78' lang='lat' dir='ltr'><strong>irascitur</strong></span> <span class='ocrx_word' id='word_1_337' title='bbox 1621 2517 1756 2552; x_wconf 85' lang='lat' dir='ltr'><strong>minute</strong></span> <span class='ocrx_word' id='word_1_338' title='bbox 1784 2517 1825 2552; x_wconf 87' lang='lat' dir='ltr'><strong>ir.</strong></span> 
     </span>
     <span class='ocr_line' id='line_1_37' title="bbox 332 2571 1824 2618; baseline 0 -11"><span class='ocrx_word' id='word_1_339' title='bbox 332 2573 516 2608; x_wconf 82' lang='lat' dir='ltr'><strong>Erasmus</strong></span> <span class='ocrx_word' id='word_1_340' title='bbox 630 2571 708 2609; x_wconf 84' lang='grc'><strong>249</strong></span> <span class='ocrx_word' id='word_1_341' title='bbox 743 2571 772 2607; x_wconf 81' lang='lat' dir='ltr'><em>C</em></span> <span class='ocrx_word' id='word_1_342' title='bbox 892 2571 972 2608; x_wconf 83' lang='grc'><strong>250</strong></span> <span class='ocrx_word' id='word_1_343' title='bbox 1003 2571 1148 2608; x_wconf 83' lang='lat' dir='ltr'><strong>Seneca</strong></span> <span class='ocrx_word' id='word_1_344' title='bbox 1177 2574 1283 2618; x_wconf 81' lang='lat' dir='ltr'><strong>epist.</strong></span> <span class='ocrx_word' id='word_1_345' title='bbox 1314 2571 1386 2618; x_wconf 82' lang='lat'><strong><em>94,</em></strong></span> <span class='ocrx_word' id='word_1_346' title='bbox 1409 2571 1474 2608; x_wconf 77' lang='grc'><strong>28.</strong></span> <span class='ocrx_word' id='word_1_347' title='bbox 1515 2571 1618 2608; x_wconf 79' lang='lat' dir='ltr'><strong>Vino.</strong></span> <span class='ocrx_word' id='word_1_348' title='bbox 1640 2571 1738 2607; x_wconf 84' lang='lat' dir='ltr'><strong>Bell.</strong></span> <span class='ocrx_word' id='word_1_349' title='bbox 1769 2581 1824 2617; x_wconf 82' lang='lat' dir='ltr'><strong>sp.</strong></span> 
     </span>
     <span class='ocr_line' id='line_1_38' title="bbox 329 2625 1828 2675; baseline -0.001 -12"><span class='ocrx_word' id='word_1_350' title='bbox 329 2629 363 2663; x_wconf 79' lang='lat' dir='ltr'><strong>cl.</strong></span> <span class='ocrx_word' id='word_1_351' title='bbox 385 2627 431 2673; x_wconf 84' lang='grc'><strong>4,</strong></span> <span class='ocrx_word' id='word_1_352' title='bbox 452 2627 526 2673; x_wconf 88' lang='lat'><strong><em>83,</em></strong></span> <span class='ocrx_word' id='word_1_353' title='bbox 552 2627 612 2664; x_wconf 87' lang='lat' dir='ltr'><strong>TC</strong></span> <span class='ocrx_word' id='word_1_354' title='bbox 723 2627 942 2675; x_wconf 79' lang='lat' dir='ltr'><strong>Magnanimo</strong></span> <span class='ocrx_word' id='word_1_355' title='bbox 971 2627 1120 2663; x_wconf 84' lang='lat' dir='ltr'><strong>iniuriae</strong></span> <span class='ocrx_word' id='word_1_356' title='bbox 1148 2639 1176 2663; x_wconf 89' lang='lat' dir='ltr'><strong>r.</strong></span> <span class='ocrx_word' id='word_1_357' title='bbox 1208 2638 1242 2663; x_wconf 91' lang='lat' dir='ltr'><strong>o.</strong></span> <span class='ocrx_word' id='word_1_358' title='bbox 1272 2632 1328 2663; x_wconf 86' lang='lat' dir='ltr'><strong>est</strong></span> <span class='ocrx_word' id='word_1_359' title='bbox 1354 2627 1532 2664; x_wconf 76' lang='lat' dir='ltr'><strong>Pithoeus</strong></span> <span class='ocrx_word' id='word_1_360' title='bbox 1651 2625 1730 2662; x_wconf 88' lang='grc'><strong>251</strong></span> <span class='ocrx_word' id='word_1_361' title='bbox 1761 2625 1828 2662; x_wconf 87' lang='lat' dir='ltr'><strong>EC</strong></span> 
     </span>
     <span class='ocr_line' id='line_1_39' title="bbox 338 2679 1826 2731; baseline -0.001 -13"><span class='ocrx_word' id='word_1_362' title='bbox 338 2683 442 2719; x_wconf 81' lang='lat' dir='ltr'><strong>Vinc.</strong></span> <span class='ocrx_word' id='word_1_363' title='bbox 465 2684 562 2719; x_wconf 84' lang='lat' dir='ltr'><strong>Bell.</strong></span> <span class='ocrx_word' id='word_1_364' title='bbox 584 2694 640 2729; x_wconf 87' lang='lat' dir='ltr'><strong>sp.</strong></span> <span class='ocrx_word' id='word_1_365' title='bbox 662 2684 698 2719; x_wconf 82' lang='lat' dir='ltr'><strong>d.</strong></span> <span class='ocrx_word' id='word_1_366' title='bbox 720 2682 760 2728; x_wconf 83' lang='lat'><strong><em>4,</em></strong></span> <span class='ocrx_word' id='word_1_367' title='bbox 783 2682 860 2719; x_wconf 89' lang='grc'><strong>133</strong></span> <span class='ocrx_word' id='word_1_368' title='bbox 976 2694 1062 2718; x_wconf 83' lang='lat' dir='ltr'><strong>max.</strong></span> <span class='ocrx_word' id='word_1_369' title='bbox 1085 2694 1163 2731; x_wconf 87' lang='lat' dir='ltr'><strong>sup.</strong></span> <span class='ocrx_word' id='word_1_370' title='bbox 1187 2683 1220 2718; x_wconf 89' lang='lat' dir='ltr'><strong>h.</strong></span> <span class='ocrx_word' id='word_1_371' title='bbox 1240 2683 1287 2728; x_wconf 89' lang='lat' dir='ltr'><strong><em>F,</em></strong></span> <span class='ocrx_word' id='word_1_372' title='bbox 1308 2683 1430 2718; x_wconf 84' lang='lat' dir='ltr'><strong>hostes</strong></span> <span class='ocrx_word' id='word_1_373' title='bbox 1451 2682 1618 2718; x_wconf 80' lang='lat' dir='ltr'><strong>maximos</strong></span> <span class='ocrx_word' id='word_1_374' title='bbox 1638 2679 1826 2717; x_wconf 85' lang='lat' dir='ltr'><strong>debellavit</strong></span> 
     </span>
     <span class='ocr_line' id='line_1_40' title="bbox 334 2735 1826 2785; baseline -0.001 -12"><span class='ocrx_word' id='word_1_375' title='bbox 334 2739 365 2773; x_wconf 89' lang='lat' dir='ltr'><em>T</em></span> <span class='ocrx_word' id='word_1_376' title='bbox 476 2738 555 2774; x_wconf 83' lang='grc'><strong>252</strong></span> <span class='ocrx_word' id='word_1_377' title='bbox 588 2738 646 2785; x_wconf 83' lang='lat' dir='ltr'><strong>Cf.</strong></span> <span class='ocrx_word' id='word_1_378' title='bbox 676 2738 753 2775; x_wconf 88' lang='lat'><strong>331</strong></span> <span class='ocrx_word' id='word_1_379' title='bbox 887 2739 996 2774; x_wconf 86' lang='lat' dir='ltr'><strong>ictum</strong></span> <span class='ocrx_word' id='word_1_380' title='bbox 1025 2739 1078 2784; x_wconf 83' lang='lat' dir='ltr'><strong><em>F,</em></strong></span> <span class='ocrx_word' id='word_1_381' title='bbox 1108 2738 1237 2775; x_wconf 82' lang='lat' dir='ltr'><strong>sactum</strong></span> <span class='ocrx_word' id='word_1_382' title='bbox 1261 2737 1438 2774; x_wconf 77' lang='lat' dir='ltr'><strong>Pithoeus</strong></span> <span class='ocrx_word' id='word_1_383' title='bbox 1567 2735 1714 2772; x_wconf 84' lang='lat' dir='ltr'><strong>tacendo</strong></span> <span class='ocrx_word' id='word_1_384' title='bbox 1735 2736 1771 2772; x_wconf 94' lang='lat' dir='ltr'><em>B</em></span> <span class='ocrx_word' id='word_1_385' title='bbox 1790 2741 1826 2772; x_wconf 77' lang='lat' dir='ltr'><strong>et</strong></span> 
     </span>
     <span class='ocr_line' id='line_1_41' title="bbox 331 2790 1824 2841; baseline -0.001 -13"><span class='ocrx_word' id='word_1_386' title='bbox 331 2793 567 2829; x_wconf 79' lang='lat' dir='ltr'><strong>I’antlmleon</strong></span> <span class='ocrx_word' id='word_1_387' title='bbox 590 2796 793 2840; x_wconf 77' lang='lat' dir='ltr'><strong>explicans</strong></span> <span class='ocrx_word' id='word_1_388' title='bbox 823 2792 904 2837; x_wconf 75' lang='lat' dir='ltr'><strong>‘Qui</strong></span> <span class='ocrx_word' id='word_1_389' title='bbox 925 2799 1069 2841; x_wconf 83' lang='lat' dir='ltr'><strong>peccato</strong></span> <span class='ocrx_word' id='word_1_390' title='bbox 1090 2795 1194 2830; x_wconf 85' lang='lat' dir='ltr'><strong>etiam</strong></span> <span class='ocrx_word' id='word_1_391' title='bbox 1215 2792 1432 2830; x_wconf 81' lang='lat' dir='ltr'><strong>mendacium</strong></span> <span class='ocrx_word' id='word_1_392' title='bbox 1453 2791 1569 2837; x_wconf 84' lang='lat' dir='ltr'><strong>addit,</strong></span> <span class='ocrx_word' id='word_1_393' title='bbox 1594 2790 1648 2827; x_wconf 84' lang='lat' dir='ltr'><strong>bis</strong></span> <span class='ocrx_word' id='word_1_394' title='bbox 1668 2791 1824 2839; x_wconf 82' lang='lat' dir='ltr'><strong>peccat’:</strong></span> 
     </span>
     <span class='ocr_line' id='line_1_42' title="bbox 329 2849 1140 2896; baseline 0.004 -13"><span class='ocrx_word' id='word_1_395' title='bbox 329 2849 512 2884; x_wconf 86' lang='lat' dir='ltr'><strong>tacendum</strong></span> <span class='ocrx_word' id='word_1_396' title='bbox 534 2850 578 2896; x_wconf 86' lang='lat' dir='ltr'><strong><em>P,</em></strong></span> <span class='ocrx_word' id='word_1_397' title='bbox 600 2854 772 2886; x_wconf 81' lang='lat' dir='ltr'><strong>tacentem</strong></span> <span class='ocrx_word' id='word_1_398' title='bbox 794 2849 868 2885; x_wconf 85' lang='lat' dir='ltr'><strong>RF</strong></span> <span class='ocrx_word' id='word_1_399' title='bbox 978 2849 1085 2886; x_wconf 80' lang='lat' dir='ltr'><strong>facies</strong></span> <span class='ocrx_word' id='word_1_400' title='bbox 1109 2849 1140 2886; x_wconf 81' lang='lat' dir='ltr'><em>R</em></span> 
     </span>
    </p>
   </div>
  </div>
 </body>
</html>
