1956 3308
341 252 391 293 16
909 261 1266 293 PnoLEGOMENA.

339 376 494 404 naceus
532 360 690 404 sacculi
728 362 843 403 noni.
903 362 1186 403 Continentur
1214 361 1294 403 hoc
1334 360 1443 403 libro
1474 361 1764 403 commentarii
1794 361 1839 403 in

339 427 542 485 psalmos,
574 429 733 484 scripta
754 428 963 483 quaedam
983 426 1156 481 Isidori,
1178 428 1424 483 Augustini,
1447 427 1716 484 Hieronymi,
1745 442 1839 485 sen-

341 496 503 537 tentiae
524 495 648 536 Sexti
678 494 732 535 de
761 508 914 548 graeco
944 494 989 535 in
1018 493 1197 536 latinum
1218 493 1449 536 translatae
1470 494 1545 549 (cf.
1566 508 1710 550 opusc.
1733 500 1840 536 sent.

345 569 387 604 et
415 576 521 603 mor.
554 561 619 602 cd.
641 560 683 602 J.
706 560 831 602 Conr.
854 559 1055 613 Orellius,
1087 560 1172 602 vol.
1194 562 1229 603 I.
1260 575 1332 618 pg.
1352 560 1615 617 248—253);
1645 560 1842 602 ultimum

341 628 525 684 denique
569 627 889 683 quaternionem
927 625 1102 683 explent
1139 626 1538 669 ‘SENTENTIAE
1568 626 1841 669 SENECAE

342 692 758 735 PHYLOSOPHI'.
807 692 859 750 ln
879 692 945 734 his
966 693 1190 735 sententiis
1212 708 1319 750 quae
1339 694 1498 750 passim
1519 699 1709 736 correcta
1728 698 1840 746 sunt,

342 760 546 817 pleraque
574 774 747 801 manum
776 758 964 815 produnt
993 758 1151 801 saeculi
1181 759 1240 800 X.

451 827 496 883 2)
528 827 709 868 Codex
746 826 1028 867 Parisinus
1067 825 1268 868 latinus
1307 827 1413 869 7641
1453 826 1574 882 (Pb).
1632 826 1678 868 Is
1714 840 1842 867 mem-

344 894 578 935 branaceus
616 892 785 935 saeculo
823 892 988 934 decimo
1025 892 1166 935 medio
1203 892 1269 934 vel
1301 894 1475 935 ineunte
1505 893 1708 950 scriptus,
1746 885 1843 935 conss

340 961 450 1002 tinet
479 959 689 1015 glossaria
718 958 865 1012 latina,
897 972 1005 1014 quae
1035 960 1257 1016 excipiunt
1286 959 1345 1002 fol
1375 961 1425 1002 81
1449 975 1542 1016 sqq.
1574 958 1842 1002 ‘SENTEN-

345 1026 490 1068 TIAE
522 1025 754 1068 SENECE
775 1014 955 1068 XLVJ2
987 1026 1102 1081 (sic).
1161 1025 1246 1067 Hie
1275 1025 1384 1068 liber
1413 1027 1495 1068 etsi
1525 1040 1620 1067 eum
1648 1025 1846 1068 Parisino

343 1093 454 1134 2676
481 1093 542 1134 ita
563 1092 792 1148 conspirat,
822 1098 871 1133 ut
899 1106 954 1132 ex
979 1092 1074 1148 ipso
1101 1091 1342 1149 descriptus
1371 1106 1464 1134 esse
1483 1091 1623 1133 videri
1643 1092 1844 1148 possit*)‚

348 1159 410 1214 (P
430 1181 484 1194 =
519 1173 747 1201 consensus
776 1159 1000 1214 utriusque
1030 1158 1208 1214 codicis)
1239 1159 1396 1201 rectius
1426 1165 1568 1200 tamen
1598 1174 1653 1200 ex
1683 1159 1846 1211 eodem,

347 1241 430 1282 quo
460 1225 594 1279 illum,
626 1225 743 1267 fonte
773 1219 947 1266 ductum
979 1231 1020 1266 et
1049 1224 1119 1265 vel
1148 1226 1307 1267 maiore
1336 1239 1436 1267 cura
1456 1239 1507 1266 ac
1529 1225 1754 1281 diligentia
1773 1239 1846 1266 ex-

347 1299 514 1334 aratum
549 1306 642 1334 esse
673 1291 805 1332 dicas.
863 1291 974 1333 Nam
1003 1290 1281 1347 aliquotiens,
1319 1292 1395 1334 ubi
1413 1292 1560 1343 ,codex
1588 1291 1845 1348 archetypus

347 1359 563 1416 duplicem
600 1358 814 1401 obtulerat
850 1357 1096 1412 lectionem,
1135 1359 1317 1415 scriptor
1346 1358 1505 1400 codicis
1537 1358 1602 1400 Pb
1631 1357 1845 1414 religiose,-

346 1441 400 1468 ne
430 1426 568 1468 dicam
599 1427 756 1481 inepte,
787 1430 1009 1480 utramque
1038 1424 1280 1481 descripsit,
1310 1431 1358 1467 ut
1378 1439 1420 1466 v.
1442 1425 1491 1467 91
1512 1425 1631 1468 ‘Cum
1660 1425 1736 1467 alii
1764 1425 1846 1466 im·-

350 1495 503 1534 micum
539 1506 656 1534 nemo
690 1493 875 1546 qratiam
913 1495 996 1533 tuto
1031 1492 1137 1533 redit
1165 1492 1242 1533 aliz·
1271 1493 1437 1534 inimico
1467 1492 1544 1534 aliz·
1577 1493 1624 1533 ‘in
1650 1492 1844 1545 qratiam,

355 1574 397 1599 v.
431 1559 510 1600 126
541 1558 716 1600 Dioeeris
749 1558 966 1600 maledieta
1002 1558 1079 1599 alii
1115 1571 1207 1600 cum
1242 1559 1454 1612 inyratum
1490 1559 1668 1600 hominis
1696 1558 1848 1599 (limeris

353 1626 430 1667 all-2·
458 1628 604 1667 cunc-ta
634 1626 710 1666 alii
738 1625 954 1675 hominem,
986 1630 1028 1665 et
1048 1638 1089 1664 v.
1111 1624 1193 1666 336
1222 1625 1474 1677 Malefaeere
1502 1626 1575 1678 qui
1602 1625 1698 1676 wilt,
1728 1623 1847 1666 num-

355 1706 482 1745 quam
509 1705 595 1733 non
625 1704 794 1733 eausam
823 1692 980 1732 invenit
1007 1691 1084 1732 alii
1113 1704 1282 1733 eausam
1310 1705 1538 1745 numquam
1559 1693 1725 1742 invenit,
1757 1690 1847 1746 qui-⁷

355 1759 434 1800 bus
465 1759 569 1800 locis
600 1759 644 1799 in
673 1758 867 1812 margine
896 1757 1054 1799 codicis
1087 1757 1154 1799 Pa
1184 1757 1472 1814 discrepantia
1500 1759 1736 1813 scripturae
1764 1770 1849 1798 non

354 1832 417 1867 cst
447 1824 739 1880 adnotata**).
798 1824 950 1879 Itaque
979 1824 1077 1865 huic
1107 1838 1273 1880 quoque
1307 1824 1445 1866 codici
1474 1838 1729 1879 quamquam
1758 1836 1848 1864 sae·

445 1959 479 2003 *)
504 1961 605 1992 Inter
632 1959 854 2002 corruptelas
878 1960 1021 2001 utrique
1040 1959 1158 1992 codici
1175 1969 1379 1992 communes
1396 1958 1528 2001 dignae
1545 1961 1629 1991 sunt
1646 1967 1738 2000 quae
1755 1967 1850 1990 com-

357 2019 616 2048 memorentur:
642 2013 657 2046 i
680 2014 803 2047 litt-era
827 2025 891 2056 pro
915 2023 932 2047 e
954 2015 1086 2057 posita,
1109 2024 1143 2046 v.
1168 2016 1211 2047 88
1234 2012 1394 2056 imperis,
1417 2015 1482 2046 232
1505 2011 1640 2053 incitis,
1663 2014 1728 2046 313
1750 2011 1850 2044 invo-

351 2070 414 2111 εἰς,
440 2072 508 2104 322
531 2069 641 2110 timit,
664 2071 708 2102 48
729 2068 890 2110 vindere,
915 2071 978 2102 132
995 2067 1277 2110 diliberandum,
1303 2070 1366 2102 154
1383 2067 1543 2111 effuyire,
1569 2070 1632 2101 185
1647 2066 1850 2100 aduliscen-

349 2125 457 2167 tiam‚
488 2127 554 2159 240
577 2123 846 2166 contumatiam
878 2134 895 2158 e
918 2136 981 2168 pro
1005 2123 1021 2156 i
1043 2136 1076 2158 v.
1104 2126 1165 2157 147
1191 2126 1301 2168 coyet,
1336 2125 1398 2157 168
1421 2125 1601 2164 reteneas;
1636 2116 1850 2156 metathesis

359 2182 540 2215 vocalium
571 2182 636 2214 246
658 2180 762 2223 filex,
786 2191 884 2224 prov.
918 2182 981 2213 146
1000 2179 1118 2223 peyit;
1148 2180 1327 2214 vocabula
1358 2181 1449 2213 maie
1479 2180 1658 2222 dirempta
1688 2180 1752 2212 155
1780 2186 1851 2211 nm

356 2246 477 2279 quam,
500 2238 566 2269 260
581 2235 644 2269 sed
667 2238 813 2276 amnat;
838 2237 984 2278 gravius
1002 2239 1171 2278 corrupta
1196 2237 1237 2269 ’78
1254 2234 1427 2277 deomnes,
1453 2236 1514 2268 187
1531 2243 1612 2278 reye
1626 2232 1725 2267 redet
1739 2242 1850 2276 spere,

353 2295 418 2326 209
441 2300 516 2325 non
541 2290 718 2333 ccmpossit
743 2290 858 2333 queri,
882 2292 946 2324 216
969 2289 1143 2332 furetina.

419 2346 478 2391 **)
501 2347 595 2379 Aliis
626 2350 749 2379 tamen
780 2346 888 2389 locis,
918 2347 981 2379 ubi
1010 2346 1226 2390 marginalis
1256 2346 1366 2379 lectio
1397 2347 1468 2378 iam
1495 2346 1530 2378 in
1556 2345 1679 2378 codice
1703 2343 1763 2377 Pa
1788 2344 1851 2377 ad—

353 2404 491 2446 scripta
522 2406 594 2441 est,
630 2402 667 2434 in
691 2399 749 2434 Pb
778 2402 848 2444 ipsi
873 2403 1077 2435 sententiae
1109 2401 1274 2434 adhaesit
1302 2401 1369 2434 hoc
1398 2402 1519 2434 modo:
1550 2401 1653 2434 Prov.
1677 2402 1721 2433 24
1751 2398 1851 2442 (ante

351 2471 385 2491 v.
420 2458 500 2501 436)
541 2466 616 2491 non
652 2455 732 2490 dieo
769 2456 833 2499 qui
867 2455 902 2490 si
937 2454 1108 2490 ceeidem's
1150 2454 1212 2490 sed
1246 2455 1279 2488 si
1315 2455 1527 2490 titubaveris
1563 2454 1627 2499 qui
1663 2453 1852 2495 accideris,

353 2515 457 2547 Prov.
480 2515 524 2547 26
547 2503 685 2546 multos
700 2520 794 2545 mors
817 2511 958 2546 incerta
982 2510 1046 2554 qui
1063 2510 1231 2554 prevenit
1254 2511 1317 2554 qui
1336 2510 1558 2554 praeveniet,
1582 2512 1689 2544 Prov.
1706 2511 1748 2543 28
1771 2517 1851 2542 ora-

353 2571 461 2602 torem
486 2568 551 2611 qui
574 2567 710 2610 deputa
732 2566 765 2600 si
789 2593 796 2600 .
823 2593 830 2600 .
858 2593 865 2600 .
886 2566 1114 2611 persuaseris
1143 2566 1208 2610 qui
1229 2569 1378 2609 reputa,
1408 2568 1513 2601 Prov.
1542 2568 1605 2599 114
1627 2564 1723 2599 Sunt
1744 2562 1853 2597 multi

354 2624 418 2667 qui
441 2623 511 2658 alii
528 2623 696 2666 plurima
722 2649 728 2655 .
756 2649 763 2656 .
791 2648 799 2656 .
825 2625 1058 2657 contemnunt
1082 2621 1151 2655 alii
1168 2621 1383 2664 plurimum.
1431 2623 1545 2664 Quam
1570 2623 1767 2664 promptum
1791 2620 1851 2661 sit,

355 2681 445 2713 illud
470 2678 535 2723 qui
558 2681 613 2713 ita
636 2681 880 2722 interpretari,
905 2684 945 2712 ut
969 2679 1062 2712 idem
1086 2679 1212 2712 valeat
1235 2677 1327 2720 quod
1350 2675 1469 2720 aliqui
1491 2676 1549 2710 vel
1567 2674 1729 2719 quidam,
1752 2674 1853 2708 scili-

355 2739 415 2768 cet
446 2737 548 2775 libri,
579 2736 757 2768 neminem
788 2738 888 2768 certe
919 2736 1030 2778 fugin
1067 2734 1131 2767 sed
1162 2734 1316 2767 nondum
1347 2744 1368 2765 a
1400 2732 1535 2765 criticis
1566 2730 1851 2764 animadversum

356 2802 436 2823 esse
461 2791 585 2831 credo,
618 2790 767 2833 praefigi
797 2792 944 2834 saepius
975 2792 1012 2823 in
1038 2790 1223 2823 codicibus
1246 2799 1288 2834 q,
1320 2789 1382 2822 ubi
1406 2787 1451 2820 de
1474 2787 1628 2820 veritate
1652 2785 1852 2828 scripturae

356 2847 426 2879 iam
451 2847 538 2888 ipsis
563 2846 724 2879 librariis
748 2856 819 2879 non
845 2847 1063 2887 constiterit,
1087 2846 1244 2887 itemque
1269 2845 1307 2876 in
1331 2843 1554 2886 marginibus
1570 2842 1707 2875 variam
1725 2840 1852 2873 lectio-

355 2912 434 2934 nem
455 2901 577 2934 eodem
595 2902 700 2943 signo
716 2902 922 2944 praeposito
939 2901 1062 2935 induci
1079 2901 1210 2935 solere.
1258 2899 1341 2948 Scio
1359 2898 1473 2931 multa
1489 2907 1569 2931 esse
1586 2897 1702 2939 signa,
1723 2896 1851 2939 quibus
