1956 3308
306 190 385 232 142
897 198 959 227 m:
989 195 1205 227 Momnus.

331 306 396 343 68.
428 300 661 342 Inhonesta
690 298 872 339 victoria
901 303 967 338 cst
996 309 1095 337 suos
1126 294 1312 335 vincere.

332 372 398 409 69.
430 366 544 409 Satis
576 371 641 408 est
671 378 904 422 poenarum
933 362 1126 419 potuisse
1154 360 1310 418 puniri.

332 438 396 475 70.
431 438 494 474 71.
527 430 781 474 Inimicitias
811 429 934 472 tarde
964 427 1148 484 suscipe,
1178 425 1396 468 moderate
1425 438 1590 479 exerce,
1620 423 1805 466 fideliter

430 499 610 555 depone.
1458 527 1460 529 ,

333 570 397 608 72.
430 570 492 608 73.
524 565 673 620 Imago
702 564 836 605 animi
866 575 1003 604 sermo
1035 566 1120 602 est:
1152 558 1290 616 qualis
1321 559 1424 613 vita,
1456 557 1554 600 talis
1585 558 1733 600 oratio.

334 637 397 674 74.
428 632 586 686 Magna
614 645 682 673 res
714 637 776 672 est
806 629 924 671 vocis
955 634 997 670 et
1027 626 1190 669 silentii
1219 630 1613 682 temperamentum.

339 704 403 741 75.
435 698 522 750 Qui
551 711 686 754 aequo
717 697 859 739 animo
889 693 1013 737 malis
1043 694 1321 745 immiscetur,
1352 690 1488 732 malus
1519 697 1594 734 est.

336 771 398 808 76.
430 764 655 807 Neminem
700 764 784 806 cito
826 761 1093 814 laudaveris,
1138 759 1351 801 neminem
1394 758 1478 800 cito
1516 756 1807 799 accusaveris:

436 846 604 888 semper
632 836 736 888 puta
765 836 808 872 te
837 843 979 871 coram
1009 827 1094 869 diis
1124 825 1417 868 testimonium
1446 817 1603 866 dicere.

338 905 399 942 77.
432 898 599 941 Vitium
630 904 695 939 est
725 897 866 940 omnia
897 895 1083 948 credere,
1115 894 1271 935 vitium
1300 898 1365 934 est
1394 890 1502 933 nihil
1531 890 1718 932 credere.

337 971 402 1009 78.
435 965 656 1008 Utendum
687 970 751 1006 est
781 963 963 1016 divitiis,
994 976 1080 1003 non
1109 959 1385 1002 abutendum.

337 1038 420 1076 78³.
438 1032 510 1076 Sic
538 1032 654 1085 vive,
685 1036 734 1073 ut
763 1044 841 1071 nec
871 1044 896 1071 a
917 1027 1210 1085 superioribus
1238 1025 1540 1079 contemnaris,
1568 1037 1648 1065 nec
1666 1022 1722 1065 ab
1742 1022 1805 1063 in-

438 1098 668 1141 ferioribus
699 1097 903 1139 timearis.

341 1172 405 1209 79.
439 1164 615 1207 Nullum
645 1165 866 1222 putaveris
896 1163 1035 1205 locum
1065 1162 1156 1204 sine
1186 1166 1308 1202 teste.

339 1239 404 1276 80.
436 1232 773 1274 Excusationem
811 1230 930 1273 vitiis
969 1229 1058 1271 suis
1092 1240 1296 1284 quaerere
1325 1230 1390 1267 est
1419 1225 1560 1267 omnia
1590 1223 1669 1266 deo
1700 1222 1812 1264 dele-

436 1314 553 1356 gare.

341 1367 598 1410 80³.Datam
638 1366 772 1407 vitam
810 1364 1188 1421 quotienscumque
1217 1359 1508 1412 dubitaveris,
1548 1371 1603 1399 an
1641 1357 1696 1398 sit
1734 1356 1813 1397 eri·

438 1433 610 1491 pienda,
642 1435 715 1487 **‚
747 1431 945 1488 quoniam
967 1429 1068 1471 data
1099 1428 1208 1485 eripi
1235 1431 1390 1484 potest,
1423 1430 1568 1482 erepta
1587 1422 1712 1465 reddi
1731 1436 1816 1464 non

440 1506 595 1558 potest.

310 1671 483 1723 μέμνησο
504 1669 570 1709 καὶ
592 1664 683 1716 δοὺς
705 1663 908 1708 ἐπιλάθου.
1007 1668 1057 1706 68
1089 1667 1269 1703 inhonesti
1290 1666 1440 1703 codices
1541 1663 1604 1701 70.
1638 1662 1687 1699 71
1722 1661 1816 1699 Sen—

314 1734 466 1768 tentiam
496 1731 729 1766 restituimus
755 1728 807 1764 ad
830 1728 942 1774 fidem
973 1726 1113 1762 codicis
1139 1723 1192 1764 P,·
1224 1722 1276 1769 G,
1307 1721 1335 1758 S
1362 1726 1398 1758 et
1428 1721 1590 1757 editores
1618 1718 1816 1754 inimicitias

314 1787 418 1824 tarde
439 1786 594 1833 suscipe,
615 1785 781 1820 amicitias
803 1781 984 1818 moderate
1005 1789 1142 1816 exerce.
1203 1778 1381 1814 vanitates
1401 1775 1563 1812 similiter
1582 1773 1733 1822 depone.

315 1842 380 1879 72.
415 1842 480 1880 73.
511 1841 668 1878 Plenius
694 1840 777 1876 cod.
806 1837 859 1880 P,·
887 1837 1006 1885 Imago
1035 1835 1138 1871 animi
1174 1844 1290 1870 sermo
1321 1837 1397 1879 est,
1435 1831 1527 1867 unde
1555 1829 1614 1866 illa
1641 1829 1818 1866 Socratica

316 1909 396 1944 vox,
420 1897 532 1945 qualis
555 1897 690 1942 oratio,
714 1894 790 1931 talis
812 1898 848 1930 et
868 1893 949 1929 vita.
1011 1891 1098 1928 Sen.
1121 1892 1230 1937 epist.
1253 1887 1354 1935 114,
1379 1888 1400 1923 1
1422 1885 1534 1935 ‘quod
1554 1884 1645 1934 apud
1666 1883 1817 1920 Graecos

313 1955 350 1990 in
371 1952 596 2002 proverbium
618 1952 746 1997 cessit,
778 1949 857 1986 talis
878 1947 1081 1984 hominibus
1103 1946 1170 1982 suit
1190 1945 1326 1991 oratio,
1347 1943 1460 1992 qualis
1481 1941 1578 1977 vita'.
1619 1942 1726 1987 epist.
1751 1939 1817 1986 75,

314 2010 339 2045 4
367 2008 584 2045 ‘concordet
612 2018 729 2043 sermo
757 2017 837 2042 cum
863 2004 964 2040 vita'.
996 2013 1054 2050 ep.
1078 2001 1152 2048 20,
1175 2000 1197 2036 2
1230 1998 1323 2036 ‘Non
1345 1998 1496 2036 orationi
1517 1997 1586 2033 vita
1605 1994 1818 2032 dissentiat'.

317 2065 443 2102 Senot.
466 2065 643 2111 Hermoy.
673 2062 706 2099 V
723 2061 802 2099 534
835 2061 955 2098 Walz.
977 2049 998 2094 ὃ
1019 2051 1232 2106 Σωκράτης
1252 2051 1383 2091 εἰώθει
1404 2050 1550 2102 λέγειν,
1578 2044 1660 2095 οἷος
1679 2042 1700 2087 ὁ
1719 2047 1818 2100 βίος,

313 2118 488 2163 τοιοῦτος
508 2110 529 2155 ὃ
551 2114 675 2167 λόγος.
714 2118 790 2155 Cic.
815 2117 927 2153 Tusc.
951 2115 990 2161 5,
1014 2113 1078 2160 16,
1099 2113 1166 2159 47,
1189 2112 1303 2149 Solon
1324 2122 1387 2158 ap.
1410 2110 1517 2157 Dioy.
1539 2108 1668 2145 Laert.
1693 2107 1730 2152 1,
1751 2105 1818 2152 58,

314 2177 539 2214 Leuesckius
560 2170 617 2211 ad*
628 2175 859 2221 Apostotium
883 2171 948 2218 12,
969 2170 1021 2206 42
1044 2181 1077 2206 c.
1192 2163 1281 2216 vita]
1303 2167 1356 2202 vir
1377 2167 1495 2213 vulqo,
1519 2166 1629 2201 etiam
1651 2162 1681 2199 G
1702 2161 1731 2199 S

318 2232 369 2269 74
411 2233 630 2268 Vincentius
651 2231 795 2266 Bellov.
825 2238 928 2275 spec.
949 2238 1042 2263 mor.
1065 2225 1103 2270 3,
1127 2224 1164 2271 l,
1186 2222 1210 2259 4
1240 2221 1401 2266 ‘Quidam
1429 2219 1685 2269 philosophus.-
1715 2216 1819 2254 Serva

318 2289 411 2324 vocis
433 2292 468 2323 et
488 2285 620 2322 silentii
643 2288 979 2333 temperamentum3
1010 2286 1045 2318 et
1065 2281 1095 2316 si
1115 2279 1213 2327 loqui
1234 2277 1397 2322 libuerit,
1418 2277 1469 2312 sic
1489 2274 1661 2323 loquaris,
1681 2277 1722 2309 ut
1741 2272 1818 2309 aliis

317 2343 485 2380 libentius
506 2340 673 2378 audiaris'
706 2338 771 2388 (cf.
794 2350 914 2386 supra
937 2338 960 2385 S
982 2337 1033 2383 9).
1151 2334 1202 2372 76
1233 2343 1372 2382 semper
1393 2337 1462 2368 etc.
1491 2343 1559 2368 om.
1590 2330 1695 2367 codd.
1716 2338 1817 2365 recc.

318 2405 352 2436 et
374 2400 475 2435 editt.
609 2407 726 2433 coram
747 2395 814 2431 diis
835 2395 990 2432 Haase.-
1017 2403 1095 2429 cum
1117 2392 1170 2428 his
1193 2390 1222 2427 G
1244 2389 1273 2427 S
1404 2388 1452 2425 77
1487 2387 1572 2424 Sen.
1596 2387 1702 2433 epist.
1726 2383 1771 2430 3,
1792 2382 1818 2419 4

318 2452 531 2502 ‘Utrumque
561 2453 682 2489 vitium
711 2457 766 2488 est
793 2456 828 2487 et
857 2448 1019 2486 omnibus
1048 2447 1194 2484 credere
1221 2451 1257 2482 et
1284 2443 1398 2481 nulli'.
1515 2441 1584 2479 78⁰
1614 2452 1684 2478 om.
1712 2439 1818 2476 codd.

318 2522 421 2548 recc.
445 2515 480 2548 et
502 2511 603 2546 editt.
627 2508 768 2545 Auson.
801 2506 877 2544 VII
894 2503 988 2552 Sap.
1013 2505 1051 2551 6,
1064 2503 1095 2551 ,1
1211 2501 1268 2538 Sic
1295 2501 1370 2536 vive
1397 2503 1435 2535 ut
1456 2499 1584 2545 recepi
1602 2507 1654 2533 ex
1672 2494 1752 2532 PS:
1781 2499 1820 2530 ut

320 2567 349 2604 G
437 2577 502 2602 nec
522 2577 540 2601 a
563 2565 768 2601 Erasmus.-
798 2574 842 2599 nc
870 2573 888 2598 a
916 2563 1004 2598 libri
1115 2559 1169 2596 80
1197 2558 1437 2604 Refinximus
1465 2565 1517 2591 ex
1543 2553 1623 2590 cod.
1646 2550 1690 2587 P.
1750 2549 1822 2594 Qui

319 2634 360 2660 se
377 2622 464 2670 fato
485 2623 537 2658 ad
549 2632 678 2668 prava
696 2619 879 2667 facinora
901 2621 1074 2654 coactum
1095 2624 1177 2651 esse
1197 2615 1300 2660 dicit,
1321 2613 1443 2649 omnia
1463 2611 1531 2647 deo
1552 2610 1723 2654 imputat,
1743 2608 1767 2642 i.
1786 2616 1817 2643 e.

320 2689 463 2715 omnem
483 2679 634 2724 culpam
655 2678 692 2712 in
714 2677 823 2712 deum
844 2673 1007 2721 confert.
1055 2671 1102 2708 In
1125 2672 1262 2707 ceteris
1282 2667 1471 2705 codicibus
1487 2664 1657 2712 sortasse
1678 2663 1821 2699 rectius

321 2737 377 2770 sic
408 2734 496 2781 sere
530 2735 713 2779 scriptum
743 2736 819 2768 est:
856 2729 1127 2766 Excusationem
1156 2734 1326 2774 quaerere
1355 2722 1477 2759 vitium
1505 2723 1572 2756 est.
1631 2718 1751 2754 Omnia
1779 2716 1821 2753 ad

321 2790 424 2826 deum
454 2789 637 2836 relinque,
664 2790 738 2824 nisi
763 2787 863 2835 quod
884 2789 971 2833 post
998 2789 1053 2820 est
1067 2791 1143 2830 per
1162 2778 1452 2828 dittographiam
1474 2775 1616 2813 addunt
1636 2779 1702 2810 set.
1763 2772 1820 2820 Cf.

322 2845 432 2882 Sexti
450 2849 545 2882 sent.
567 2843 647 2881 374
667 2841 829 2880 ‘Omnem
849 2851 989 2879 causam
1008 2838 1104 2876 rerer
1124 2837 1167 2874 ad
1186 2834 1321 2874 deum’.
1398 2832 1470 2871 80³
1500 2843 1566 2870 om.
1590 2831 1697 2868 codd.
1717 2838 1819 2866 rece.
