1956 3308
379 240 435 282 54
949 250 1304 282 mzonmonsm.

386 350 602 393 vocabulis
638 366 707 393 cea·
744 357 786 392 et
814 352 855 393 vi
883 349 991 391 male
1028 351 1312 406 transpositis.
1371 351 1424 393 V.
1455 352 1539 394 380
1567 352 1875 408 acquieverunt

383 417 567 459 editores
597 418 641 459 in
671 417 878 459 vilissima
908 415 1081 457 editoris
1112 415 1470 471 Ingolstadiensis
1501 419 1761 461 coniectura:

647 508 738 554 Non
767 510 836 546 cito
865 509 982 546 ruina
1004 510 1104 555 perit
1132 509 1178 552 is,
1207 510 1274 555 qui
1301 510 1441 548 rimam
1469 511 1583 554 timet,

382 620 477 646 cum
516 605 720 646 bonorum
762 603 955 645 codicum
986 605 1197 660 scriptura
1219 605 1332 657 perit
1359 605 1447 656 uir,
1485 604 1671 647 Parisini
1699 605 1875 647 alterius

378 673 556 726 peritur,
586 664 831 712 'Parmensis
861 671 1127 724 opprimitur,
1165 670 1342 711 verbum
1373 672 1594 728 passivum
1622 671 1755 713 latere
1783 670 1878 713 luce

383 737 536 779 clarius
576 737 784 778 ostendat.
843 736 894 778 In
935 750 983 778 eo
1015 735 1211 791 eligendo
1248 751 1503 794 quamquam
1540 737 1703 794 ambigi
1737 744 1879 795 potest

382 811 424 844 et
458 803 513 845 ad
554 803 746 844 codicum
784 803 972 857 vestigia
1005 803 1200 859 proxime
1236 803 1439 846 accedere
1475 804 1651 846 videtur
1670 805 1878 859 premitur
1948 819 1956 829 ·

383 870 452 911 vel
483 872 640 923 teritur,
675 868 1003 926 praeferendum
1033 875 1175 910 tamen
1204 871 1413 923 opteritur.

493 936 550 977 Et
571 936 771 992 quoniam
791 936 835 976 in
856 935 921 976 his
944 936 1289 992 compendiorum
1309 937 1502 979 minutiis
1525 951 1757 991 versamur,
1778 951 1878 994 pau-

383 1018 432 1044 ca
462 1002 514 1044 de
544 1003 791 1058 pronomine
820 1001 999 1042 relativo
1029 1008 1070 1043 et
1100 1003 1410 1058 interrogativo
1440 1003 1660 1046 addemus.
1706 1002 1880 1047 Scilicet

384 1071 428 1111 in
459 1069 606 1111 codice
628 1069 669 1110 R
689 1087 714 1120 4
742 1068 868 1110 modo
898 1082 976 1121 quo
997 1069 1223 1124 significat,
1253 1069 1379 1112 modo
1409 1071 1538 1123 queck·
1565 1065 1612 1112 in
1631 1070 1678 1111 F
1699 1085 1802 1113 vero
1827 1073 1886 1124 qd

382 1142 625 1178 constanter
654 1136 839 1191 positum
869 1141 933 1176 est
962 1150 1037 1191 pro
1068 1137 1185 1188 quod,
1214 1136 1274 1188 gd
1300 1151 1377 1192 pro
1406 1138 1528 1190 quid:
1557 1137 1603 1178 id
1634 1151 1729 1178 cum
1758 1138 1878 1192 igno·
1955 1163 1956 1166 =

382 1209 495 1244 rai-et
533 1202 669 1243 editor
698 1200 1077 1256 Ingolstadiensis‚
1115 1201 1250 1243 falsae
1285 1201 1461 1259 aliquod
1490 1203 1692 1245 lectiones
1721 1203 1776 1245 ab
1805 1202 1879 1246 illo

382 1275 577 1326 receptae
606 1282 740 1324 usque
770 1267 826 1308 ad
856 1268 968 1309 hunc
993 1267 1107 1309 diem
1137 1274 1398 1324 propagatae
1428 1275 1539 1311 sunt.
1590 1269 1701 1311 Nam
1731 1283 1772 1310 v.
1796 1269 1878 1312 348
1952 1306 1956 1307 γ

648 1361 765 1409 Mayc
794 1358 913 1405 valet,'
935 1362 1002 1408 qui
1029 1362 1146 1399 nescit
1174 1362 1373 1423 calamitas
1402 1363 1494 1409 quid
1521 1362 1617 1400 valet

384 1471 520 1514 neque
550 1455 823 1497 Tzschukkii
860 1457 1103 1498 coniectura
1137 1457 1274 1499 valeat
1299 1463 1473 1514 propter
1496 1455 1682 1499 'metrum
1711 1456 1882 1499 admitti
1954 1496 1956 1498 .

385 1530 539 1580 potest,
571 1529 613 1564 et
641 1522 757 1563 bene»
780 1537 825 1563 se
854 1522 1013 1564 habent
1042 1523 1176 1564 verba
1205 1524 1251 1564 in
1270 1523 1316 1564 F
1340 1524 1512 1580 scripta,
1545 1525 1655 1579 quod
1681 1525 1788 1567 valet
1814 1539 1880 1566 ca-

384 1584 561 1641 lamitas,
592 1589 718 1631 modo
749 1595 1002 1645 transponas
1033 1590 1141 1642 quod
1167 1590 1384 1632 calamitas
1412 1591 1529 1632 valet.
1587 1591 1698 1632 Item
1728 1605 1771 1632 v.
1799 1590 1882 1634 465

610 1682 827 1730 Prospieere
858 1684 900 1720 in
921 1693 1017 1729 pace
1046 1685 1199 1729 oportet,
1229 1683 1323 1730 quid
1352 1683 1488 1721 bellum
1517 1684 1618 1722 iuvet

385 1779 494 1831 quod
521 1776 678 1832 legitur
706 1778 751 1819 in
781 1777 835 1831 F,
866 1783 995 1830 recte,
1027 1778 1195 1832 opinor,
1226 1779 1286 1819 ita
1314 1784 1362 1820 ut
1390 1793 1444 1819 ne
1471 1778 1766 1840 emendatione
1783 1779 1883 1835 xqui-
1947 1786 1956 1819 J

385 1845 482 1885 dem
512 1858 618 1900 opus
655 1846 711 1886 sit
739 1858 766 1885 a
794 1843 918 1886 nobis
949 1843 1050 1885 olim
1080 1844 1343 1899 excogitata,
1383 1844 1512 1900 ‘quod
1541 1844 1702 1887 bellum
1731 1845 1881 1901 iubet&
1943 1869 1956 1905 ᾗ.

385 1911 544 1953 Misere
574 1910 758 1966 denique
787 1910 967 1951 detorsit
996 1909 1110 1950 idem
1139 1909 1212 1951 ille
1241 1910 1380 1952 editor
1409 1920 1581 1952 versum
1609 1912 1692 1954 375

651 2003 790 2041 Minus
817 2014 927 2050 saepe
948 2014 1089 2050 pecces,
1117 2004 1153 2040 εἰ
1179 2004 1278 2041 selas
1307 2004 1406 2051 quod
1433 2005 1590 2048 nescias,

386 2098 609 2141 inferendo
639 2099 749 2152 quid.
809 2098 877 2140 Cf.
897 2104 1128 2155 ‘praeterea
1156 2098 1302 2141 adnot.
1330 2098 1386 2140 ad
1416 2114 1457 2141 v.
1488 2099 1557 2141 63.
1937 2140 1956 2161 r

415 2189 419 2191 <
497 2165 832 2222 Hemigraphiae
869 2165 1106 2220 insigniora
1139 2165 1348 2221 quaedam
1378 2165 1575 2222 exempla
1611 2167 1884 2223 proposuisse
1955 2199 1956 2202 η

388 2231 501 2273 haud
531 2231 709 2287 pigebit.
768 2231 820 2272 In
851 2245 979 2272 versu
1007 2231 1087 2273 381

498 2322 640 2361 Nullus
668 2327 719 2361 est
749 2326 880 2361 tantus
908 2327 1097 2370 quaestus,
1128 2336 1244 2371 quafm
1272 2325 1372 2372 quod
1399 2325 1541 2363 habeas
1562 2337 1731 2374 parcere,

389 2409 600 2450 sententia
629 2408 801 2464 quidem
831 2415 1024 2451 constare
1053 2407 1240 2463 videtur,
1270 2423 1419 2451 versus
1448 2424 1535 2452 non
1561 2410 1678 2452 item.
1735 2409 1884 2466 Neque

389 2482 531 2517 tamen
566 2475 714 2530 negari
751 2481 891 2531 potest
927 2476 1234 2533 negotiatorem
1268 2482 1310 2518 et
1343 2477 1545 2519 maiorem
1580 2477 1721 2519 facere
1758 2472 1883 2533 quae·

387 2548 513 2596 stum,
545 2548 586 2583 et
615 2542 778 2583 minore
807 2541 950 2584 labore
981 2549 1022 2584 et
1053 2543 1248 2599 breviore
1276 2549 1480 2600 tempore,
1511 2557 1606 2584 eum
1636 2542 1709 2599 qui
1738 2547 1885 2599 parcat

388 2609 467 2650 hoc
496 2614 661 2650 tantum
699 2615 935 2665 praestare,
977 2608 1090 2665 quod
1119 2607 1282 2651 nullum
1313 2609 1464 2652 subeat
1492 2608 1747 2667 periculum,
1787 2622 1883 2650 cum

392 2689 527 2731 neque
547 2690 573 2717 a
592 2674 902 2731 tranquillitate
931 2675 1059 2717 maris
1089 2667 1227 2732 neque
1246 2676 1302 2718 ab
1321 2690 1519 2732 agrorum
1541 2673 1763 2717 fertilitate
1783 2689 1882 2731 pen-

391 2741 502 2783 deat.
562 2741 669 2783 Cum
699 2742 830 2797 igitur
859 2757 942 2785 non
971 2748 1124 2797 agatur
1153 2742 1206 2784 de
1230 2741 1524 2798 magnitudine
1544 2747 1760 2798 quaestus,
1791 2744 1883 2791 tam-
1944 2747 1956 2787 ς’·

391 2811 455 2849 tus
484 2807 599 2849 haud
637 2808 767 2850 dubie
797 2815 1041 2865 corruptum
1071 2815 1156 2863 est3
1194 2807 1405 2851 Publilius
1434 2814 1577 2850 autem
1607 2808 1779 2864 scripsit
1807 2821 1881 2850 nu·

391 2875 519 2915 meris
547 2874 797 2916 trochaicis:
1478 2884 1481 2887 ’
