1956 3308
592 289 799 320 PUBLILII
830 290 934 322 SYm
965 291 1269 323 SENTENTIAE.
1634 285 1688 327 85

275 391 465 432 Lucrum
494 390 588 432 sine
618 390 775 433 damno
805 392 983 434 alterius
1014 393 1107 435 fieri
1138 407 1224 435 non
1253 400 1411 450 potest.

274 457 480 500 Lascivia
510 463 552 499 et
582 457 675 500 laus
705 473 938 516 numquam
968 460 1130 502 habent
1159 460 1449 507 concordiam.

274 526 438 581 Legem
467 539 627 568 nocens
658 532 845 580 veretur,
876 526 1093 570 fortunam
1123 529 1345 571 innocens.

164 597 247 636 300
275 593 449 647 Libido,
482 608 568 635 non
596 593 807 636 iudicium
838 600 903 636 est
933 595 1047 651 quod
1078 594 1233 637 levitas
1264 596 1392 653 sapit.

271 659 432 703 Libido
463 666 640 704 cunctos
672 663 804 704 etiam
835 662 915 704 sub
947 662 1071 705 vultu
1102 662 1261 706 domat.

271 728 579 785 Longinquum
609 735 675 771 est
704 743 843 783 omne,
877 730 992 786 quod
1023 730 1239 787 cupiditas
1269 731 1453 787 flagitat.

239 850 241 852 Γ
271 796 441 857 Lapsus
472 796 605 838 semel
633 796 682 838 fit
712 795 853 853 culpa,
885 797 922 838 si
952 798 1108 839 iterum
1139 797 1363 840 cecideris.

270 864 366 905 Lex
395 862 517 906 videt
545 864 717 916 iratum,
750 865 887 907 iratus
914 864 1054 920 legem
1083 880 1170 907 non
1199 865 1335 908 videt.

159 936 239 973 305
271 931 455 988 (Legem
485 930 595 973 solet
625 930 826 974 oblivisci
855 932 1120 988 iracundia.)

270 999 398 1040 Locis
428 999 604 1040 remotis
636 999 710 1055 qui
740 997 860 1053 latet,
891 998 965 1041 lex
995 1006 1060 1042 est
1090 1000 1190 1042 sibi.

271 1066 380 1108 Late
409 1065 553 1108 lucere
581 1067 694 1122 ignis
725 1065 837 1108 nihil
866 1073 914 1108 ut
943 1074 1055 1122 urat,
1086 1073 1243 1124 potest.

272 1134 512 1176 Liccntiam
543 1133 620 1175 des
650 1132 839 1190 linguae,
872 1149 969 1176 cum
998 1149 1151 1176 verum
1181 1141 1318 1191 petas.

270 1200 486 1256 Malignos
516 1200 610 1242 fieri
641 1202 829 1243 maxime
857 1202 1019 1258 ingrati
1049 1201 1218 1244 docent.

159 1275 241 1311 310
270 1268 423 1311 Multis
453 1269 657 1322 minatur,
689 1269 763 1326 qui
792 1270 867 1311 uni
898 1268 1002 1312 facit
1031 1269 1246 1312 iniuriam.
1296 1270 1298 1272 ’

271 1336 395 1378 Mora
424 1337 562 1378 omnis
592 1336 691 1379 odio
722 1342 801 1390 est,
833 1336 911 1378 sed
940 1336 1046 1379 facit
1075 1337 1345 1394 sapientiam.

269 1403 387 1445 Mala
417 1418 548 1445 causa
577 1410 656 1458 est,
687 1418 797 1460 quae
826 1405 1007 1461 requirit
1037 1403 1391 1447 misericordiam.

270 1471 383 1514 Mori
414 1477 479 1513 est
508 1468 663 1526 felicis,
693 1477 922 1529 antequam
953 1478 1135 1514 mortem
1164 1473 1352 1515 invocet.

158 1691 335 1718 comens
367 1692 398 1716 v.
424 1679 798 1783 ἒζῖῈ-Υ-(ᾖίὲὧΡΒΡ
813 1678 957 1727 (TEC),
989 1691 1021 1716 v.
1044 1679 1286 1718 302—308:
1313 1681 1358 1727 F,
1381 1692 1412 1717 v.
1436 1680 1677 1719 309—340:

156 1849 262 1886 spec.
292 1843 372 1875 nat.
402 1837 477 1884 31,
509 1837 611 1884 101,
642 1838 795 1874 universi
824 1838 1014 1875 Erasmus
1153 1844 1209 1874 est
1238 1850 1306 1875 om.
1335 1839 1374 1876 F
1515 1838 1615 1876 iubet
1643 1846 1680 1876 et

156 1907 191 1932 ιι.
226 1895 330 1932 Vinc.
479 1893 558 1930 297
595 1894 693 1930 TEC
727 1893 832 1931 Vino.
863 1895 962 1931 Bell.
995 1906 1053 1942 sp.
1081 1896 1113 1931 d.
1145 1893 1191 1941 4,
1225 1894 1301 1932 146
1439 1906 1486 1943 po
1510 1922 1518 1931 .
1542 1922 1551 1931 .
1574 1922 1583 1931 .
1604 1897 1678 1942 Pa,

156 1954 296 1989 ultimis
328 1953 466 1988 litteris
502 1951 692 1996 evanidis,
735 1956 864 1999 potens
892 1951 963 1988 Pb.
1033 1950 1269 1997 Cfi''Sereeca
1306 1953 1353 1988 de
1387 1954 1448 1988 ira
1482 1951 1527 1998 2,
1556 1952 1603 1998 8,
1633 1951 1678 1997 2;

155 2008 413 2055 Ritschelz‘zcs,
444 2017 578 2054 opusc.
601 2008 672 2043 vol.
697 2006 736 2053 2,
759 2006 838 2044 666
983 2007 1063 2044 298
1095 2007 1162 2044 EC
1192 2008 1294 2044 Vino.
1318 2008 1417 2044 Bell.
1447 2018 1551 2055 spec.
1580 2010 1678 2045 doct.

154 2064 194 2111 4,
218 2064 297 2101 159
420 2062 496 2100 laus
517 2068 554 2099 et
574 2062 658 2099 lasc.
694 2063 798 2100 Vine.
930 2063 1011 2101 300
1040 2063 1149 2100 libido
1171 2075 1243 2100 non
1264 2065 1320 2100 F.-
1349 2063 1458 2100 libido
1482 2064 1566 2108 PR,
1588 2063 1677 2112 libb.

154 2121 227 2157 dini
248 2122 334 2158 olim
354 2122 513 2166 conieci,
534 2118 644 2155 libido
665 2119 832 2155 indicium
854 2124 910 2156 est
930 2120 1005 2156 cius
1028 2131 1060 2168 q.
1083 2119 1107 2156 l.
1129 2131 1158 2156 S.
1182 2120 1374 2157 Pithoeus.
1482 2120 1560 2157 301
1593 2121 1666 2156 cin·

154 2182 233 2214 etos
257 2176 470 2213 Salmasius
498 2176 551 2212 ad
572 2175 688 2212 Solin.
713 2175 831 2222 μ’46
969 2175 1135 2224 dampnat
1156 2178 1193 2213 F
1331 2175 1412 2213 302
1445 2176 1594 2225 longum
1622 2182 1678 2213 est

154 2233 250 2282 quod
273 2233 354 2280 flag.
378 2243 459 2281 cup.
481 2233 528 2279 F,
551 2232 694 2268 emend.
718 2233 872 2269 Gruter.
933 2232 992 2279 Cf.
1016 2245 1047 2269 v.
1072 2231 1149 2270 149
1292 2233 1373 2270 305
1416 2233 1571 2270 Videtur
1592 2243 1676 2270 esse

153 2293 532 2337 interpretamentum
563 2299 696 2324 versus
714 2291 891 2336 proxime
913 2290 1172 2326 antecedentis
1287 2289 1488 2325 obliviscicr
1510 2289 1674 2330 Gruter,-

154 2345 314 2383 oblivisci
341 2345 532 2382 solita-est
562 2345 686 2381 Bothe
828 2345 909 2382 306
941 2350 996 2381 cst
1025 2344 1091 2381 sibi
1119 2345 1292 2394 Inqolst.:
1322 2344 1387 2381 sibi
1417 2351 1473 2381 est
1501 2346 1539 2382 F

155 2403 234 2440 307
266 2399 289 2423 ’³‘
316 2402 409 2450 ignis
445 2401 533 2437 nihil
564 2406 604 2437 ut
634 2412 668 2436 u.
700 2403 759 2438 vel
791 2406 829 2437 ut
858 2413 892 2437 u.
922 2412 957 2437 n.
986 2402 1030 2439 i.:
1067 2403 1161 2450 ignis
1193 2408 1232 2438 ut
1269 2401 1356 2438 nihil
1393 2407 1473 2437 urat
1501 2403 1538 2438 F

75 2499 90 2508 ,
154 2459 234 2497 309
268 2457 298 2494 C
326 2458 431 2495 Vinc.
454 2458 554 2494 Bell.
576 2468 632 2504 sp.
654 2459 690 2493 d.
712 2457 752 2504 4,
774 2456 826 2494 54
961 2457 1137 2506 malignus
1158 2459 1228 2504 Pb,
1251 2458 1445 2506 malignum
1468 2459 1674 2495 Fabricius

265 2515 412 2551 maxime
433 2514 594 2562 ingratos
615 2513 745 2549 docere
766 2524 872 2562 saepe
897 2514 930 2550 T
1040 2514 1122 2552 310
1152 2515 1388 2551 comminatur
1411 2513 1455 2560 T,
1477 2514 1674 2562 imperatur

120 2593 127 2597 Α
166 2573 267 2609 Vinc.
292 2571 388 2608 Bell.
412 2581 470 2617 sp.
493 2571 527 2606 d.
549 2569 597 2615 4,
622 2569 700 2606 132
836 2571 896 2606 uni
917 2569 1092 2606 PRTEC'
1120 2571 1240 2607 Vino„-
1272 2571 1306 2606 ui
1327 2571 1365 2606 F
1484 2575 1671 2606 contume-

153 2628 233 2664 liam
254 2627 338 2664 facit
363 2627 404 2673 T,
425 2626 552 2662 iniuria
573 2625 610 2661 F
615 2641 628 2667 ;
657 2626 718 2674 qui
739 2626 765 2662 f.
790 2637 822 2662 u.
845 2626 866 2661 i.
890 2626 1069 2664 Pithoeus
1211 2626 1289 2662 311
1324 2626 1353 2663 C
1383 2626 1486 2662 Vino.
1512 2626 1610 2662 Bell.
1631 2625 1671 2671 4,

154 2683 207 2722 94
322 2683 445 2721 odiosa
467 2683 496 2719 C
627 2694 676 2718 an
697 2682 924 2730 patientiam?
1070 2683 1150 2719 312
1183 2682 1241 2730 Cf.
1264 2695 1295 2719 υ.
1318 2682 1401 2719 410
1534 2681 1621 2717 mala
1645 2680 1676 2716 C

160 2741 363 2778 Erasmus:
396 2739 481 2775 mali
509 2739 620 2776 PRF
768 2738 847 2774 313
880 2738 936 2786 Cf.
969 2739 1057 2775 Seu.
1087 2740 1139 2775 acl
1166 2739 1295 2785 Polyb.
1329 2739 1468 2775 consol.
1502 2737 1554 2773 28
1583 2735 1671 2774 “Est

155 2806 282 2845 magna
308 2795 458 2833 felicitas
487 2796 522 2831 in
550 2796 626 2844 ipsa
654 2794 822 2831 felicitate
851 2794 1054 2831 moriendi’.
1114 2796 1161 2831 id.
1184 2796 1236 2831 ad
1261 2794 1385 2831 Marc.
1408 2792 1462 2829 20
1492 2794 1604 2829 ‘mors
1625 2793 1669 2830 dc

154 2847 261 2888 nuui‘s
290 2852 417 2889 melius
446 2852 570 2887 merita
599 2862 703 2899 quam
733 2851 776 2887 dc
803 2850 865 2896 iis,
896 2849 937 2885 ad
967 2861 1057 2899 quos
1088 2851 1184 2886 venit
1203 2855 1390 2899 antequam
1412 2850 1667 2886 invocaretur’.

267 2907 405 2944 felicius
432 2908 524 2943 libri
549 2910 701 2956 quidam
724 2908 878 2944 Erasmi
906 2911 941 2943 et
963 2907 1333 2955 Gryphismaldensfs
1452 2907 1593 2942 invocet
1615 2906 1667 2943 F.-

154 2966 300 3001 invoces
320 2963 369 3009 R,
389 2963 525 2999 invocis
546 2965 591 3012 P,
612 2965 782 3001 invoccns
804 2963 948 3011 Gryplae.
974 2974 1069 3000 mors
1089 2964 1275 2999 invocetur
1297 2963 1337 3010 C,
1361 2963 1458 3000 unde
1478 2964 1669 3000 conicias.-
