1956 3308
662 234 1025 270 PROLEGOMENA.
1357 263 1361 268 .
1561 230 1608 272 17

22 379 24 381 .
86 336 182 381 culo
220 339 460 395 posteriore
499 340 660 396 scripto
697 354 799 381 suus
839 347 904 383 est
941 355 1069 394 usus,
1108 355 1206 382 cum
1235 343 1488 398 praesertim
1519 344 1610 384 eius

17 410 25 452 J
83 407 334 449 testimonio
370 406 578 448 nonnulla
616 407 863 462 firmentur,
903 421 1013 464 quae
1051 409 1096 450 in
1132 409 1376 466 antiquiore
1414 409 1610 450 Parisino

15 494 18 499 =
84 479 159 516 aut
196 473 312 516 lectu
342 472 542 516 difficilia
572 481 674 517 sunt
703 481 778 516 aut
809 476 968 517 iniuria
997 482 1239 533 temporum
1269 475 1396 533 plane
1426 491 1609 518 evanue·

16 576 18 578 ,
83 547 199 584 runt.
259 541 329 584 Cf.
359 541 417 583 ad
447 556 490 583 v.
520 542 618 587 297.
650 543 778 584 Prov.
809 543 878 585 24.

197 608 410 652 Parisinis
450 609 675 666 proximus
718 616 784 651 est
815 617 857 652 et
889 617 1031 654 aetate
1062 618 1104 653 et
1134 612 1328 654 bonitate
1366 612 1412 668 3)
1444 612 1611 654 codex

83 675 552 733 Rheinaugiensis
583 677 639 719 95
669 677 768 733 (R),
799 692 914 719 nunc
934 678 1200 733 Turicensis,
1232 694 1343 721 saec.
1365 679 1449 721 IX.
1479 694 1609 721 mem-

85 743 341 798 branaceus,
374 745 496 786 cuius
525 745 726 787 notitiam
757 744 895 787 debeo
923 739 1124 788 Conrado
1145 747 1345 800 Bursian,
1376 746 1611 803 professori

84 810 332 854 Turicensi.
393 811 599 859 Continet
618 812 977 855 Miscellanea-ex
1000 813 1077 856 SS.
1100 813 1319 868 Patribus,
1350 814 1486 856 veluti
1507 814 1608 855 Ter*

82 878 255 921 tulliani
275 879 582 936 fragmentum,
613 881 719 922 item
741 889 947 939 excerpta
968 897 1024 924 ex
1044 881 1310 924 orationibus
1333 881 1475 923 Curtii
1495 882 1608 934 Rufi,

83 946 139 989 de
169 946 328 1004 quibus
359 947 570 990 disseruit
590 947 811 991 Arnoldus
830 949 938 1006 ‘Hug
967 951 1014 991 in
1043 950 1182 992 musei
1202 948 1402 990 Rhenani
1428 949 1497 1002 20,
1531 950 1607 990 117

83 1029 166 1071 sq.,
197 1029 297 1072 pag.
329 1015 527 1057 91—114
555 1015 750 1058 ANNEI
780 1016 1042 1059 SENICAE
1072 1016 1436 1059 PROUERBIA.

196 1083 244 1139 4)
276 1082 462 1130 Codex
492 1083 655 1125 Turic
667 1084 814 1126 ensis
837 1084 932 1141 (T),
955 1084 1004 1126 O.
1027 1085 1095 1138 78,
1125 1084 1476 1125 membranaceus
1498 1098 1608 1125 saec.

84 1149 168 1192 IX.
200 1164 329 1207 quem
367 1153 611 1193 accuratius
650 1151 883 1209 descripsit
923 1152 993 1193 Jo.
1024 1152 1154 1208 Oasp.
1193 1150 1382 1193 Orellius
1420 1152 1465 1192 in
1506 1150 1608 1191 Hel-

82 1218 230 1275 perico
269 1233 342 1276 pg.
381 1218 493 1261 2-6
532 1217 777 1275 (Helperiei
814 1218 1003 1261 Karolus
1044 1219 1230 1275 Magnus
1276 1226 1318 1260 et
1354 1218 1445 1260 Leo
1482 1233 1607 1275 papa,

0 1310 8 1326 ι
83 1285 235 1327 Turici
280 1285 424 1341 1832).
484 1286 642 1329 Insunt
684 1288 806 1328 varia
854 1286 932 1329 SS.
973 1286 1151 1328 Patrum
1196 1285 1428 1343 opuscula,
1473 1285 1609 1327 veluti

6 1391 8 1395 .
83 1352 343 1396 Columbani
363 1353 590 1411 epistulae,
612 1354 820 1411 Dionysii
841 1355 1019 1397 Catonis
1041 1353 1242 1408 disticha,
1265 1354 1476 1395 Prisciani
1498 1354 1606 1410 peri-

83 1422 250 1477 egesis,
289 1419 363 1463 fol.
398 1422 477 1463 157
509 1436 645 1478 usque
675 1421 730 1463 ad
761 1421 835 1464 fol.
861 1422 942 1464 159
972 1428 1144 1464 centum
1175 1421 1324 1462 decem
1355 1421 1607 1472 sententiae,

82 1483 242 1544 magna
272 1503 328 1530 ex
357 1494 482 1545 parte
502 1488 684 1531 Publilii
706 1483 821 1547 Syri,
854 1489 931 1531 sed
960 1490 1024 1532 ita
1042 1489 1325 1547 interpolatae
1344 1495 1474 1545 atque
1494 1487 1605 1544 glos-

82 1557 142 1598 sis
181 1562 224 1598 et
260 1557 658 1613 interpretamentis
697 1557 917 1612 foedatae,
956 1563 1003 1599 ut
1040 1557 1240 1598 monachi
1277 1570 1450 1597 manum
1479 1556 1524 1596 in
1555 1556 1607 1596 iis

82 1623 212 1665 facile
241 1638 466 1679 agnoscas.
525 1623 723 1666 Titulum
753 1624 992 1681 praefixum
1023 1638 1118 1666 esse
1147 1623 1314 1665 nullum
1342 1623 1440 1664 ideo
1467 1624 1607 1664 minus

81 1691 330 1733 mirandum
372 1698 459 1746 est,
498 1692 600 1748 quia
637 1690 796 1733 desunt
834 1692 1074 1734 sententiae
1109 1691 1366 1748 incipientes
1397 1704 1422 1730 a
1451 1689 1607 1731 litteris

81 1758 125 1800 A
145 1765 188 1800 et
207 1759 264 1801 B.
325 1759 414 1802 Eas
446 1759 684 1802 sententias
708 1760 827 1815 (nam
848 1773 1000 1801 versus
1021 1760 1102 1800 vix
1122 1759 1260 1812 dicas)
1284 1759 1446 1815 primus
1469 1757 1607 1798 edidit
1677 1816 1685 1818 Α

82 1826 126 1869 J.
165 1826 295 1883 Casp.
337 1826 527 1870 Orellius
564 1826 621 1868 ad
667 1826 829 1868 calcem
865 1825 1053 1868 Phaedri
1099 1825 1343 1868 fabularum
1381 1839 1603 1887 novarum,

81 1909 154 1951 pg.
175 1894 359 1948 48-—54‚
390 1893 625 1937 admodum
654 1900 870 1945 accurate,
901 1895 1248 1950 interpunctione
1270 1894 1399 1934 etiam
1420 1899 1605 1944 servata,

82 1977 181 2019 qua,
213 1976 311 2004 011111
340 1961 416 2004 1110
447 1961 617 2004 saeculo
649 1963 754 2004 satis
785 1963 842 2003 sit
872 1961 1078 2015 insolens,
1109 1960 1430 2016 ludimagister
1450 1958 1606 2015 aliquis

81 2029 396 2087 discipulorum
427 2028 663 2071 commodis
695 2028 871 2071 videtur
899 2029 1147 2070 inservisse.

194 2095 242 2151 5)
272 2096 456 2139 Codex
485 2096 815 2138 Basiliensis
847 2096 944 2152 (B),
977 2097 1173 2151 signatus
1204 2093 1306 2136 olim
1336 2093 1394 2134 K.
1426 2093 1511 2135 ΙΙΙ.
1534 2093 1603 2145 34,

82 2179 198 2206 nunc
225 2165 282 2206 A.
313 2163 368 2206 N.
397 2163 477 2205 IV.
504 2165 569 2218 11,
601 2174 714 2206 saec.
747 2163 804 2204 X.
835 2164 880 2205 in
911 2178 994 2220 quo
1025 2169 1122 2219 post
1153 2161 1406 2204 Sallustium
1436 2167 1604 2203 senten-

81 2233 169 2274 tiae
199 2230 472 2274 Publilianae
502 2228 720 2286 ἀκέφαλοι
749 2246 885 2288 usque
915 2230 972 2272 ad
1002 2245 1043 2271 v.
1064 2229 1148 2272 296
1178 2229 1393 2284 leguntur.
1444 2228 1487 2270 Is
1510 2242 1603 2269 ver-

81 2315 155 2342 sus
187 2313 286 2341 cum
315 2300 362 2341 in
390 2299 476 2341 fine
506 2300 803 2356 quaternionis
835 2299 1023 2354 scriptus
1044 2297 1116 2351 sit,
1147 2302 1251 2353 quot
1270 2297 1496 2338 sententiis
1516 2310 1602 2337 am-

82 2367 194 2424 plior
223 2366 356 2409 fuerit
386 2365 460 2408 ille
490 2365 616 2420 liber,
649 2366 763 2408 unde
794 2366 1037 2423 descriptus
1069 2371 1148 2418 est,
1181 2363 1411 2405 diiudicari
1441 2364 1603 2419 nequit.

82 2434 214 2477 Hunc
251 2448 421 2491 quoque
458 2433 652 2475 codicem
689 2435 807 2490 typis
838 2432 1167 2490 exprimendum
1199 2431 1368 2473 curavit
1398 2429 1603 2482 OrelliuS,

81 2501 176 2545 loco
209 2516 340 2559 supra
364 2499 561 2543 indicato
581 2515 655 2558 pg.
676 2501 864 2555 37—483
897 2507 1086 2543 ceterum
1107 2500 1151 2541 in
1173 2513 1222 2540 eo
1243 2499 1384 2540 minus
1404 2504 1604 2539 accurate

82 2567 227 2613 officio
258 2585 334 2612 suo
365 2569 540 2611 functus
572 2574 659 2622 est,
692 2567 806 2625 quod
836 2582 921 2609 non
951 2569 1056 2609 satis
1087 2566 1306 2619 distinxit,
1338 2579 1446 2622 quae
1476 2578 1601 2604 manu

83 2637 274 2680 secunda
301 2636 454 2678 addita
482 2642 556 2677 aut
586 2642 779 2677 correcta
809 2641 923 2677 sunt.

85 2750 275 2786 adnotatio
301 2751 427 2794 aliqua
450 2751 488 2783 in
513 2750 679 2793 margine
705 2749 916 2791 quaerenda
940 2747 1138 2785 indicatur,
1164 2747 1227 2780 sed
1252 2746 1332 2782 hoc,
1359 2746 1403 2777 do
1429 2754 1499 2786 quo
1526 2745 1602 2784 agi-

83 2815 188 2849 mus,
213 2808 252 2850 (i.
276 2818 308 2841 e.
333 2807 507 2851 quaere?)
540 2808 640 2839 certe
664 2805 761 2838 inter
786 2804 1045 2846 antiquissima
1070 2803 1141 2836 fuit
1165 2806 1202 2834 et
1225 2802 1284 2834 vel
1309 2801 1441 2833 nostris
1466 2804 1601 2842 tempo>

83 2861 185 2895 ribus
209 2873 233 2896 a
255 2863 379 2896 multis
410 2865 618 2906 usurpatur.
666 2861 719 2894 Eo
752 2861 858 2903 signo
888 2859 984 2892 male
1015 2858 1224 2899 intellecto,
1255 2867 1333 2889 cum
1359 2856 1501 2888 librarii
1525 2853 1602 2897 qui,

84 2925 154 2960 que
174 2917 236 2952 vel
259 2917 396 2952 similia
422 2919 675 2962 depingerent,
701 2915 837 2950 multae
864 2915 1029 2959 profecto
1054 2916 1154 2947 ortae
1181 2916 1265 2945 sunt.
1291 2910 1528 2954 corruptelae.

150 2962 318 3006 ruamus
337 2979 443 3007 Snus.
1308 2970 1328 3000 2
