1956 3308
585 278 791 310 rnssmnn
821 279 926 311 suu
957 280 1260 312 summme.
1602 272 1682 315 103

275 379 366 433 Qui
395 378 548 422 ulcisci
579 379 764 434 dubitat,
796 380 1015 438 improbos
1047 380 1191 439 plures
1222 382 1342 425 facit.

230 472 238 477 ·
273 447 364 501 Qui
393 447 561 501 obesse,
592 462 688 489 eum
718 453 875 504 potest,
907 463 993 491 non
1023 449 1132 503 vult,
1162 449 1341 506 prodest
1371 450 1466 493 tibi.

151 519 244 558 '530
275 514 503 572 Quidquid
534 515 647 557 bono
677 515 905 570 concedas,
937 515 1012 558 des
1043 524 1210 574 partem
1240 517 1337 560 tibi.

271 581 403 635 Quod
432 583 599 624 nescias
631 583 701 625 cui
731 597 878 625 serves
908 583 1087 626 stultum
1118 592 1183 627 est
1213 599 1403 642 parcere.

272 649 398 702 Quae
428 649 522 692 vult
551 649 693 692 videri
722 649 837 692 bella
866 652 1011 706 nimis,
1042 652 1149 694 nulli
1178 659 1323 708 negat.

271 716 362 770 Qui
391 716 536 771 debet,
567 717 701 760 limen
730 718 956 760 creditoris
987 733 1073 762 non
1101 726 1230 762 amat.

271 784 361 838 Qui
391 792 490 842 pote
519 784 755 827 transferre
784 799 988 839 amorem,
1020 793 1121 844 pote
1151 786 1379 844 deponere.

156 857 237 895 535
269 853 359 906 Qui
389 852 542 910 culpae
571 853 758 908 ignoscit
789 853 878 906 uni,
911 853 1064 896 suadet
1094 853 1307 911 pluribus.

270 920 500 977 Quidquid
530 919 677 977 probis
710 921 904 977 eripitur,
937 921 1144 978 improbis
1176 922 1317 964 datur.

268 987 358 1040 Qui
387 987 473 1030 sibi
502 1003 586 1030 non
618 988 743 1040 vivit,
774 987 872 1030 aliis
903 989 1056 1031 merito
1088 995 1153 1031 est
1183 996 1390 1031 mortuus.

270 1054 498 1112 Quidquid
527 1054 577 1097 fit
606 1069 705 1098 cum
736 1055 913 1110 virtute,
944 1055 993 1098 fit
1023 1071 1120 1098 eum
1150 1056 1303 1112 gloria.

269 1122 359 1175 Qui
388 1129 589 1180 expectat
617 1130 665 1165 ut
694 1130 885 1178 rogetur,
916 1124 1107 1166 officium
1137 1123 1267 1166 levat.

156 1195 238 1233 540
268 1190 356 1243 Qui
387 1191 511 1232 timet
539 1190 740 1243 amicum,
772 1191 863 1231 vim
891 1205 978 1233 non
1007 1192 1131 1234 novit
1160 1192 1361 1233 nominis.

269 1257 358 1310 Qui
387 1265 488 1315 pote
517 1257 658 1299 celare
688 1258 857 1312 vitium,
889 1258 1045 1300 vitium
1075 1273 1161 1300 non
1191 1259 1312 1300 facit.

268 1325 359 1378 Qui
388 1340 535 1368 omnes
566 1324 748 1367 insidias
778 1327 914 1379 timet,
945 1325 991 1367 in
1020 1325 1161 1367 nullas
1192 1325 1361 1368 incidit.

267 1391 412 1445 Quam
442 1391 579 1434 malus
611 1398 690 1446 est,
723 1391 892 1450 culpam
922 1394 1001 1450 qui
1027 1407 1149 1435 suam
1177 1392 1356 1435 alterius
1388 1393 1513 1436 facit!

267 1460 357 1513 Qui
387 1459 512 1502 docte
541 1461 692 1514 servit,
724 1467 889 1517 partem
919 1459 1165 1503 dominatus
1196 1468 1326 1504 tenet.

153 1532 234 1569 545
267 1526 357 1579 Qui
387 1542 433 1570 se
463 1528 557 1584 ipse
586 1527 748 1582 laudat,
780 1529 866 1571 cito
897 1528 1133 1570 derisorem
1163 1530 1345 1571 invenit.

265 1594 410 1649 Quam
438 1596 643 1637 miserum
674 1602 753 1650 est,
784 1596 894 1637 bene
925 1596 1039 1652 quod
1071 1596 1224 1638 feceris
1254 1596 1417 1638 factum
1448 1598 1583 1652 queri.

259 1661 408 1714 ‘Quam
438 1662 547 1704 felix
577 1663 669 1704 vita
699 1664 856 1705 transit
886 1665 980 1706 sine
1009 1662 1217 1719 negotiis!

154 1846 333 1874 comens
364 1849 397 1873 v.
421 1836 663 1875 501—568:
695 1837 733 1873 F
750 1835 818 1884 (T)

151 1939 284 1986 accipi,
312 1937 375 1974 sed
404 1938 480 1986 rapi
509 1938 711 1987 oportere',
741 1939 837 1975 Hor.
862 1939 982 1985 Epod.
1009 1938 1079 1984 13,
1102 1937 1149 1984 4,
1172 1938 1260 1974 Seu.
1285 1940 1391 1985 epist.
1417 1938 1482 1983 70,
1505 1938 1557 1974 24

151 1994 233 2032 528
265 1995 324 2042 Cf.
349 2007 380 2031 v.
405 1993 508 2042 235,
533 1994 787 2041 proverb.fifi
910 1993 1050 2030 dubitat
1072 1994 1194 2030 ulcisci
1217 1994 1361 2030 Gruter
1493 1994 1573 2031 5⁶29
1607 1995 1669 2030 tibi

151 2052 350 2097 Halmius,
386 2052 488 2098 quod
518 2053 635 2087 simili
660 2053 767 2087 exilu
797 2061 930 2087 versus
958 2053 1153 2098 sequentis
1183 2051 1361 2087 Imuslum
1390 2061 1473 2086 esse
1503 2052 1669 2087 videtur.-

150 2119 218 2143 om.
242 2107 296 2147 F;
325 2106 494 2155 prodest,
525 2107 730 2155 quicunque
760 2106 888 2143 obesse
918 2117 990 2142 non
1019 2106 1106 2147 vult,
1136 2118 1216 2142 cum
1246 2111 1368 2154 potest
1397 2108 1540 2142 Gruter

150 2163 233 2201 530
262 2162 428 2199 concedis
450 2162 606 2211 anolse.
630 2168 670 2199 ul
691 2163 744 2210 cf.
769 2175 798 2200 v.
821 2162 902 2199 512
973 2191 976 2193 .
1018 2159 1040 2183 *
1062 2162 1144 2199 des:
1177 2162 1237 2198 dus
1260 2163 1312 2203 F;
1344 2162 1396 2209 cf.
1416 2174 1480 2210 pq.
1503 2163 1557 2200 60

151 2219 232 2257 532
263 2219 367 2255 nimis
389 2218 478 2255 nulli
500 2220 661 2256 Gruter.-
693 2220 837 2255 nimium
859 2219 910 2255 illi
931 2219 968 2255 F
1086 2218 1167 2255 534
1198 2224 1284 2267 pote
1307 2246 1315 2254 .
1341 2246 1349 2254 .
1373 2246 1381 2254 .
1404 2225 1489 2266 pote
1512 2219 1667 2265 Gruter,

148 2281 188 2326 up
219 2288 250 2314 v.
274 2270 373 2325 5271:
405 2280 527 2323 potest
551 2303 558 2311 .
583 2304 592 2313 .
615 2304 623 2311 .
648 2281 769 2324 potest
793 2277 831 2312 F
885 2296 891 2300 -
958 2274 1038 2312 535
1070 2275 1193 2323 culpae
1221 2275 1293 2323 ign.
1325 2275 1383 2310 uni
1411 2276 1573 2311 Gruter.-
1606 2276 1667 2311 uni

149 2344 180 2369 c.
210 2333 284 2380 ign.
310 2332 355 2378 F,
378 2332 483 2367 unius
503 2343 533 2368 c.
556 2332 576 2368 i.
600 2332 833 2369 Bibba-cicius
948 2331 1028 2368 536
1059 2327 1082 2352 '¹²
1104 2330 1224 2380 probis
1255 2342 1375 2379 seqq..·
1404 2331 1572 2379 quiequid
1602 2332 1666 2367 im-

148 2387 271 2437 probis
299 2398 351 2424 er.
372 2387 478 2424 datur
498 2387 620 2436 probis
642 2390 695 2429 F.-
725 2382 792 2425 οὴι.
815 2389 990 2425 editores.
1051 2388 1109 2435 Cf.
1133 2388 1364 2424 Psemlosen.
1387 2388 1433 2423 de
1454 2400 1548 2423 mor.
1577 2387 1666 2432 114,

150 2444 351 2482 Cleobulus
381 2444 489 2491 apud
514 2444 740 2490 Ausonium,
781 2444 858 2481 VII
875 2444 966 2491 Sap.
1096 2444 1175 2481 537
1208 2443 1273 2479 sibi
1303 2455 1374 2479 non
1403 2440 1440 2491 (i.
1463 2453 1494 2478 e.
1524 2454 1571 2479 ne
1598 2444 1671 2479 sibi

149 2499 310 2549 quidem)
331 2501 386 2536 F.-
415 2499 480 2535 sibi
503 2500 645 2537 minime
669 2501 711 2547 T,
739 2499 805 2536 sibi
835 2500 942 2536 modo
965 2503 1062 2537 coni.
1083 2502 1226 2536 (ἔναιεν
1246 2501 1331 2537 coll.
1354 2499 1565 2535 Menandri
1586 2499 1664 2535 Mo-

149 2562 245 2594 nosc.
267 2556 348 2594 585
376 2547 484 2591 τοῦτ’
515 2550 597 2592 ἐστι’
622 2549 664 2592 τὸ
694 2554 766 2604 ζῆν
783 2550 837 2605 μὴ
858 2554 1008 2606 σεαυτῷ
1031 2554 1102 2603 ζῆν
1122 2553 1262 2604 μόνους
1284 2555 1326 2592 al.
1349 2566 1434 2591 mer.
1458 2555 1598 2592 Bothe.-
1620 2566 1664 2591 m.

148 2624 177 2649 a.
201 2613 239 2648 F
331 2623 416 2649 mer.
439 2612 559 2648 inuitis
581 2612 759 2650 occumbit
780 2613 815 2650 R
918 2612 999 2649 539
1030 2618 1169 2661 spectat
1189 2613 1333 2649 Gruter
1436 2610 1518 2647 540
1549 2611 1608 2658 Cf.
1632 2623 1662 2647 υ.

153 2668 234 2706 524
350 2668 427 2706 541
463 2675 548 2716 pote
567 2668 729 2706 Gruter.-
759 2674 881 2717 potest
902 2669 939 2704 F
1050 2669 1187 2715 vitium,
1210 2669 1330 2703 vitium
1354 2668 1515 2703 Gruter.-
1543 2667 1664 2703 vitium

148 2725 203 2767 F,·
232 2726 293 2773 qui
314 2736 386 2761 non
408 2730 529 2772 potest
549 2737 579 2762 c.
603 2737 634 2760 v.
658 2736 728 2761 non
751 2725 776 2760 s.
801 2725 843 2761 G.
863 2724 998 2772 Meyer
1114 2724 1194 2762 5212
1227 2725 1373 2760 tolidem
1398 2724 1519 2759 verbis
1540 2724 1665 2760 codex

148 2792 192 2827 π,
214 2781 276 2829 qui
294 2781 362 2817 ins.
387 2780 467 2829 plus
491 2787 515 2818 t.
537 2782 674 2830 capitur
696 2781 810 2817 miuus
836 2781 877 2826 T,
898 2782 958 2829 qui
981 2786 1004 2816 ῑ.
1028 2781 1049 2816 i.
1072 2792 1104 2816 o.
1128 2792 1161 2820 n,
1184 2782 1207 2816 i.
1230 2782 1384 2816 Gruter.
1434 2779 1490 2825 Cf.
1516 2791 1547 2815 υ.
1575 2779 1664 2815 116.

150 2836 229 2874 607
311 2841 321 2847 ⁸
345 2836 426 2873 544
458 2837 514 2886 Cf.
540 2851 571 2875 v.
596 2838 671 2874 661
698 2843 732 2873 et
755 2838 867 2873 Caco.
893 2835 1004 2873 Bato.
1027 2836 1130 2874 Mon.
1155 2837 1218 2881 1⁸,
1245 2848 1306 2883 μς).
1329 2836 1380 2871 26
1409 2832 1551 2871 ‘Parere
1572 2835 1664 2871 scire

151 2903 234 2928 eum
263 2893 461 2941 imperante
488 2893 646 2942 aequalis
674 2899 727 2929 est
757 2893 886 2941 gloriu’
1029 2892 1108 2929 545
1141 2893 1215 2940 ipse
1248 2893 1459 2928 Bentlcius:
1489 2891 1602 2939 ipsum
1632 2892 1668 2927 F

261 2947 341 2984 547
372 2945 396 2970 *
417 2959 523 2997 quam
552 2950 634 2986 felix
663 2955 748 2986 cle„-
777 2960 880 2997 quam
911 2954 966 2984 cst
996 2948 1019 2985 s.
1051 2961 1080 2984 v.
1110 2959 1199 2996 quae
1227 2949 1304 2984 sine
1333 2959 1368 2984 n.
1394 2953 1417 2982 t.
1441 2948 1494 2983 F·
1523 2958 1558 2995 q.
1583 2947 1605 2982 s.
1630 2959 1660 2983 v.
