1956 3308
727 261 1089 294 rueme-omnm.
1614 255 1663 297 13

256 360 326 403 De
354 361 508 403 horum
539 376 742 404 versuum
772 369 948 406 auctore
977 379 1074 406 eum
1105 365 1295 407 virorum
1325 365 1549 407 doctorum
1570 382 1662 408 sen-

143 429 304 471 tentiae
347 430 394 471 in
430 429 605 471 diversa
647 430 805 473 abeant
848 430 924 485 (ef.
962 431 1242 490 Bernhardy,
1287 432 1388 474 hist.
1437 432 1520 474 litt.
1558 448 1662 475 rom.

78 502 81 503 ⁷
142 511 215 554 pg.
242 496 342 551 460,
372 496 520 539 adnot.
552 497 650 551 357,
681 497 785 539 edit.
817 500 1028 555 quartae),
1059 515 1144 542 non
1174 514 1539 557 supervacaneum
1570 515 1664 542 esse

67 585 85 595 <‚
143 563 318 606 videtur
353 578 552 618 monere,
594 579 703 621 quae
733 565 1026 608 Buechelerus
1063 581 1140 623 per
1169 566 1335 609 litteras
1365 567 1472 609 mihi
1501 567 1662 623 signifi-

141 632 280 687 cavit,
310 621 493 689 pavonis
524 633 838 687 saginationem
870 633 944 688 (ef.
976 633 1089 676 Plin.
1118 641 1207 676 nat.
1238 634 1339 677 hist.
1374 635 1446 688 10,
1478 637 1505 687 ξ
1533 635 1590 677 45
1619 642 1661 677 et

144 699 268 742 Varr.
289 699 346 741 de
364 713 413 742 re
431 706 538 741 rust.
555 699 596 752 3,
614 699 674 754 6),
697 700 889 742 ciconiae
908 703 1232 758 apparationem
1254 703 1298 743 in
1317 702 1502 758 gratiam
1523 701 1658 744 homi-

70 787 73 789 ·
140 781 244 809 num
282 767 567 810 delicatorum
608 766 736 821 (Hor.
774 767 865 810 Sat.
895 769 944 822 2,
975 769 1023 823 2,
1053 770 1110 812 50
1145 784 1241 812 eum
1282 768 1497 825 scholiis),
1536 784 1661 811 usum

142 834 330 877 Coarum
360 830 548 877 v'estium
581 834 628 891 (i.
651 849 688 876 e.
710 837 832 877 venti
862 836 1050 892 textilis)
1079 851 1165 879 non
1194 836 1308 878 ultra
1328 836 1525 879 Caesaris
1556 844 1660 879 tem-

140 917 246 960 pora
274 902 521 956 ascendere,
553 901 814 959 elegantiam
834 918 939 946 vero
958 905 1151 961 ipsorum
1172 918 1377 946 versuum
1397 911 1440 946 et
1462 905 1660 962 frequen·

81 970 90 977 '
140 977 227 1012 tem
265 969 588 1013 allitterationis
627 986 754 1013 usum
792 972 872 1013 vix
905 972 1158 1026 admittere,
1197 978 1246 1014 ut
1275 973 1503 1029 posteriori
1531 974 1662 1014 aetati

93 1035 97 1039 *
139 1037 401 1080 tribuantur.
461 1037 588 1090 Quae
619 1039 763 1080 omnia
792 1039 955 1096 optime
984 1040 1098 1081 inter
1127 1054 1173 1081 se
1204 1045 1440 1095 congruent
1450 1072 1462 1094 ,
1496 1040 1534 1081 si
1563 1034 1662 1081 illos

79 1106 81 1108 ’
140 1119 293 1148 versus
325 1106 526 1148 Caesaris
565 1106 760 1163 aequali,
783 1105 987 1162 „Publilio
1019 1108 1130 1164 Syro
1158 1106 1475 1161 vindicaveri83
1507 1104 1592 1148 'nee
1622 1106 1659 1148 si

139 1179 318 1227 statuas,
348 1173 396 1215 id
427 1168 543 1231 quod
573 1175 699 1215 unice
729 1188 881 1215 verum
912 1182 991 1228 est,
1023 1174 1275 1216 Petronium
1303 1174 1488 1216 Neronis
1518 1180 1660 1216 aetate

138 1241 326 1296 vixisse,
356 1242 514 1283 mirum
543 1241 787 1297 videbitur,
820 1242 934 1298 quod
963 1241 1135 1284 illorum
1165 1255 1368 1284 versuum
1399 1242 1659 1284 mentionem

139 1309 303 1351 iniecit.

251 1375 384 1429 Quod
423 1375 804 1429 Quintilianus
843 1375 956 1418 libro
988 1376 1046 1418 X.
1078 1377 1132 1418 de
1167 1378 1306 1434 poetis
1344 1377 1490 1419 latinis
1522 1376 1656 1418 disse-

137 1459 238 1487 rens
276 1443 515 1486 Publilium
552 1459 639 1486 non
674 1445 951 1498 memoravit,
997 1444 1168 1487 facilem
1212 1444 1477 1501 explicatum
1512 1444 1655 1486 habet.

136 1511 248 1554 Nam
278 1518 581 1569 praeterquam
611 1501 726 1568 quod
757 1512 915 1554 oratori
924 1512 963 1566 ³⁵³)
996 1513 1120 1569 eopia
1147 1512 1378 1555 verborum
1397 1527 1482 1554 non
1503 1527 1558 1554 ex
1577 1512 1656 1553 mi-

134 1578 224 1621 'mis
253 1580 443 1637 petenda
473 1585 553 1633 est,
584 1579 672 1621 illis
704 1579 970 1635 temporibus
1000 1580 1230 1622 admiratio
1260 1579 1438 1622 Publilii
1468 1580 1554 1620 iam
1585 1578 1654 1619 de-

136 1646 373 1700 fervuerat,
406 1660 539 1703 quare
568 1645 691 1687 illum
722 1661 910 1701 versum,
944 1661 1070 1703 quem
1102 1648 1239 1689 instit.
1272 1662 1332 1688 or.
1363 1647 1404 1700 8,
1434 1647 1473 1699 5,
1504 1646 1530 1688 6
1552 1652 1594 1687 et
1614 1646 1654 1699 9,

84 1740 86 1742 v
116 1713 176 1767 -3,
206 1713 263 1755 64
291 1713 471 1771 protulit

176 1792 178 1795 ⁵
215 1802 217 1809 ’
311 1808 412 1846 Tam
442 1809 541 1847 deest
570 1820 690 1846 avaro
720 1808 821 1856 quod
847 1808 971 1853 habet,
1001 1819 1119 1855 quam
1147 1808 1249 1856 quod
1276 1819 1358 1845 mon
1386 1807 1507 1850 habet,

135 1919 162 1946 a
192 1905 466 1958 Quintiliano
497 1920 584 1947 non
615 1919 670 1946 ex
700 1906 796 1962 ipsa
826 1903 1005 1946 Publilii
1035 1904 1239 1959 lectione,
1271 1904 1347 1946 sed
1382 1918 1438 1945 ex
1468 1903 1655 1945 Senecae

134 1972 443 2016 controversiis
474 1974 566 2030 (pg.
597 1972 694 2025 206,
730 1973 782 2013 14
810 1971 971 2028 Burs.),
1003 1986 1108 2029 quas
1139 1972 1232 2028 ipse
1262 1971 1409 2013 laudat
1438 1969 1513 2011 lib.
1544 1970 1584 2023 9,
1611 1970 1652 2023 2,

131 2040 203 2095 42,
234 2039 436 2083 haustum
466 2053 562 2082 esse
591 2038 872 2080 crediderim..

245 2106 377 2148 Haud
413 2098 596 2149 multum
633 2107 783 2162 igitur·
805 2105 968 2160 abfuit,
1007 2107 1112 2163 quin
1141 2105 1320 2147 Publilii
1358 2118 1514 2147 nomen
1543 2103 1648 2146 obli-

133 2175 263 2216 vione
292 2174 560 2228 obrueretur,
591 2174 676 2215 nisi
706 2179 873 2215 amator
892 2172 1068 2230 quidam
1095 2172 1213 2215 illius
1234 2173 1543 2214 sententiarum
1563 2186 1649 2212 me·

132 2243 313 2284 moriam
345 2256 493 2284 earum
523 2241 783 2283 reduxisset.
842 2240 1006 2282 Extitit
1035 2242 1164 2294 enim,
1194 2241 1279 2282 iam
1309 2240 1462 2297 primo,
1492 2245 1541 2280 ut
1561 2238 1649 2295 opi-

132 2324 224 2364 nor,
257 2308 428 2352 saeeulo
458 2315 557 2366 post
577 2308 678 2351 Chr.
700 2324 744 2350 n.
775 2323 871 2350 eum
898 2307 1080 2350 Publilii
1109 2308 1231 2350 mimi
1259 2307 1401 2350 adhue
1430 2305 1649 2362 vigebant,

132 2376 287 2419 saltem
325 2375 462 2419 Gellii
506 2361 647 2418 aetate
691 2376 830 2432 prior,
877 2377 948 2432 qui
991 2390 1062 2418 eas
1100 2390 1177 2417 suo
1215 2373 1394 2418 consilio
1430 2373 1652 2428 colligeret

135 2443 424 2501 collectasque
462 2443 629 2496 ederet,
668 2458 754 2485 non
791 2442 846 2484 ad
883 2443 1012 2484 fidem
1050 2441 1359 2499 exemplarium
1388 2455 1517 2482 manu
1547 2441 1649 2482 scri-

131 2517 327 2568 ptorum,
358 2511 433 2553 sed
464 2510 642 2552 auribus
674 2511 816 2567 potius
845 2510 901 2551 ab
932 2510 1215 2552 histrionibus
1245 2514 1470 2565 exceptas,
1502 2506 1647 2564 quales

131 2592 204 2620 ore
243 2578 367 2635 vulgi
404 2578 587 2620 traditas
623 2583 699 2620 aut
737 2579 782 2619 in
819 2577 988 2619 theatro
1026 2576 1262 2618 celebratas
1293 2573 1643 2631 deprehenderat.

131 2645 200 2688 Cf.
242 2644 457 2688 Gellius
500 2646 573 2699 17,
608 2645 681 2698 14,
712 2645 760 2687 3:
799 2644 945 2687 Huius
984 2644 1162 2686 Publilii
1195 2644 1418 2685 smtentiae
1451 2642 1646 2695 feruntur

221 2770 255 2813 ⁸)
280 2770 335 2806 cf.
363 2770 403 2803 C.
422 2770 536 2803 Iulius
552 2771 679 2803 Victor
703 2769 741 2802 in
766 2773 845 2802 arte
872 2769 1003 2801 rhetor.
1030 2779 1085 2811 ep.
1103 2770 1158 2806 26,
1183 2779 1242 2811 pg.
1260 2770 1336 2806 447,
1354 2769 1398 2801 33
1415 2765 1470 2800 ed.
1488 2765 1643 2809 Halmii.
1690 2793 1697 2801 ,

130 2822 314 2859 Sermonis
343 2835 433 2859 usus
461 2824 575 2859 multo
605 2823 832 2867 frequentior
866 2833 976 2867 quam
999 2822 1179 2856 orationis
1202 2825 1251 2856 est
1277 2848 1284 2855 .
1310 2848 1318 2855 .
1343 2848 1351 2855 .
1378 2847 1385 2854 .
1408 2819 1568 2854 Multum
1593 2819 1645 2853 nd

131 2881 304 2914 aemonis
326 2880 545 2925 eleyantiam
570 2880 754 2922 conferent
777 2878 979 2914 cmnoediae
994 2881 1126 2913 veteres
1141 2881 1173 2912 et
1196 2880 1340 2922 toyntac
1356 2879 1389 2911 et
1413 2875 1643 2910 tabernariae

131 2937 164 2969 et
187 2934 384 2971 Atellanae
405 2936 555 2979 fabulae
579 2939 612 2970 et
634 2935 902 2978 mimofabulae.
