1956 3308
334 846 375 900 Ι.
410 882 413 884 -
443 845 521 900 De
562 844 789 900 Publilio
833 844 958 916 Syro
1000 840 1387 914 mimographo.

143 927 169 953 υ

214 991 382 1032 Nomen
404 988 581 1032 Publilii
604 990 704 1046 Syri
735 991 878 1031 varias
911 994 1137 1045 expertum
1168 994 1233 1029 est
1263 988 1462 1028 fortunae
1493 987 1624 1027 viccs.

102 1059 212 1100 Nam
243 1071 339 1099 cum
370 1072 447 1114 per
476 1049 636 1112 totum,
677 1057 793 1114 quod
825 1056 996 1111 dicunt,
1036 1057 1227 1098 medium
1257 1055 1490 1097 aevumin
1520 1053 1625 1096 obli·
1653 1088 1667 1098 ,

102 1127 274 1168 vionem
305 1126 534 1167 cecidisset
565 1132 606 1167 et
629 1124 792 1168 Seneca
821 1124 1102 1181 philosophus
1132 1139 1279 1166 earum
1301 1123 1627 1175 sententiarum,

102 1209 206 1250 quas
230 1193 461 1247 edidimus,
483 1200 634 1235 auctor
656 1199 769 1235 esset
790 1193 981 1247 habitus,
1006 1193 1153 1234 extitit
1175 1191 1349 1248 quidem
1370 1190 1626 1233 Desidcrius

103 1262 333 1315 Erasmus,
375 1262 449 1318 qui
486 1260 583 1303 illas
615 1276 692 1303 suo
726 1262 893 1304 auctori
924 1260 1186 1314 vindicaret,
1228 1259 1304 1302 sed
1335 1259 1451 1302 idem
1482 1273 1627 1301 reeen-

102 1330 259 1372 tiorum
290 1328 499 1371 librorum
530 1328 784 1386 corruptelis
815 1330 860 1370 in
891 1343 1078 1370 errorem
1107 1328 1369 1385 implicatus,
1400 1334 1490 1369 tam
1510 1341 1627 1369 mon-

36 1426 43 1432 ·
104 1404 290 1440 strosum
311 1397 487 1439 induxit
510 1387 695 1439 Publii
720 1396 841 1454 Syri
870 1411 1040 1451 nomen,
1063 1402 1111 1438 ut
1133 1395 1347 1453 quomodo
1368 1409 1630 1453 praenomen

104 1466 149 1507 in
178 1480 333 1507 nomen
363 1464 526 1520 gentile
556 1464 727 1518 abierit,
760 1466 838 1507 vix
869 1464 1076 1522 explices,
1108 1465 1194 1506 nisi
1224 1464 1338 1506 forte
1364 1463 1421 1505 ad
1443 1463 1629 1505 celeber-

105 1533 262 1575 rimum
292 1533 398 1574 iuris
430 1533 725 1590 interpretem,
759 1532 920 1574 Gaium
951 1533 1062 1586 dico,
1094 1532 1165 1574 vel
1194 1531 1250 1573 ad
1272 1531 1470 1573 Marcum
1501 1546 1629 1572 evan-

106 1599 306 1656 gelistam
344 1599 456 1642 velis
496 1614 745 1656 provocare.
806 1601 978 1643 Nostris
1018 1606 1160 1642 autem
1199 1599 1491 1656 temporibus,
1533 1614 1630 1640 cum

108 1667 318 1724 Silligius,
351 1667 627 1710 doctissimus
650 1667 783 1709 Plinii
814 1667 968 1721 editor,
991 1668 1291 1710 auctoritatem
1321 1667 1483 1709 codicis
1504 1668 1631 1708 Bam—

109 1735 334 1791 bergensis
357 1742 542 1789 secutus,
566 1750 715 1776 verum
737 1735 970 1777 Publilii
1001 1750 1157 1778 nomen
1178 1742 1331 1792 poetae
1352 1734 1631 1788 reddidisset,

106 1818 132 1844 a
162 1803 324 1857 multis,
356 1810 404 1845 ut
435 1809 501 1845 est
532 1802 838 1845 difficillimum
870 1803 1117 1846 diuturnam
1150 1804 1325 1844 vincere
1356 1802 1631 1849 consuetudi-

106 1885 220 1924 nem,
254 1872 293 1912 ci
325 1870 539 1926 denegata
571 1877 635 1912 est
646 1870 788 1946 (fides,
820 1871 955 1914 donec
978 1872 1218 1926 Ciceronis,
1253 1871 1442 1913 Senecae
1474 1877 1515 1912 et
1537 1871 1632 1912 rhe-

106 1939 212 1980 toris
244 1945 285 1980 et
314 1938 575 1995 philosophi,
609 1938 757 1993 Gellii,
790 1939 1017 1993 Macrobii,
1050 1939 1308 1996 Hieronymi
1341 1938 1475 1980 libros
1504 1953 1633 1979 manu

107 2006 291 2063 scriptos
318 2006 434 2047 idem
456 2005 636 2048 Publilii
658 2022 858 2049 servasse
878 2021 1035 2049 nomen
1055 2008 1258 2049 innotuit.
1319 2006 1387 2049 Of.
1410 2006 1522 2048 Plin.
1544 2012 1633 2047 nat.

108 2073 209 2115 hist.
241 2074 316 2128 35,
347 2074 425 2126 58,
469 2074 570 2129 1993
615 2075 706 2116 Cic.
745 2074 801 2116 ad
840 2075 981 2117 Attie..
1010 2075 1082 2129 14,
1109 2076 1169 2130 2}
1202 2075 1301 2118 Sen.
1334 2082 1529 2117 controv.
1562 2084 1633 2131 pg‘.

108 2141 206 2195 202,
238 2141 306 2182 24.
337 2141 435 2195 206,
468 2142 508 2183 6.
532 2142 570 2183 8.
593 2143 660 2184 20.
694 2142 789 2185 coll.
812 2142 910 2196 206,
931 2144 972 2184 2.
994 2144 1091 2197 211,
1123 2143 1178 2184 24
1199 2143 1325 2185 Burs.
1387 2143 1485 2185 Sen.
1509 2143 1635 2199 epist.

108 2209 149 2263 8,
173 2209 222 2263 83
239 2208 369 2251 ‘GelL
401 2224 443 2250 n.
465 2223 504 2250 a.
529 2210 594 2262 17,
621 2211 695 2265 143
727 2210 922 2252 Macrob.
955 2210 1044 2252 Sat.
1066 2211 1106 2263 2,
1130 2211 1168 2264 7,
1201 2213 1227 2264 ἓ
1247 2211 1287 2253 5.
1310 2211 1349 2252 6.
1372 2210 1420 2265 83
1452 2209 1634 2252 Hieron.

108 2276 164 2318 ad
195 2276 355 2319 Euseb.
389 2277 543 2319 Chron.
569 2277 678 2319 1974
707 2278 893 2320 Amand.
1682 2324 1695 2329 ,

155 2360 163 2365 ‘
221 2344 348 2386 Nunc
386 2344 582 2398 demum,
628 2353 856 2402 postquam
896 2347 942 2387 in
978 2345 1197 2402 Philologi
1241 2345 1326 2387 vol.
1369 2346 1524 2387 XXII.
1566 2361 1635 2402 pg.

108 2412 191 2454 439
225 2427 314 2468 seq.
347 2419 541 2454 veterum
583 2414 853 2467 testimonia,
895 2420 1057 2471 quanta
1097 2413 1190 2454 fieri
1228 2421 1397 2470 poterat
1433 2413 1519 2455 fide
1554 2413 1636 2455 col-

40 2494 51 2507 ·
110 2478 220 2535 legi,
268 2478 446 2522 Publilii
493 2495 648 2523 nomen
686 2496 710 2522 a
749 2480 990 2538 plerisque,
1037 2482 1150 2522 inter
1196 2497 1303 2538 quos
1349 2481 1639 2524 Ritschelium

109 2547 284 2613 honoris
327 2563 456 2589 causa
494 2550 669 2590 nomino
712 2550 878 2605 (opusc.
918 2548 1067 2607 philol.
1108 2549 1168 2590 ΙΙ.
1201 2549 1325 2604 663),
1368 2549 1542 2606 probari
1574 2550 1636 2590 vi-

113 2615 193 2658 deo
226 2622 267 2657 et
297 2615 352 2657 ab
383 2617 437 2657 iis
468 2623 688 2673 receptum
721 2631 814 2658 esse
844 2616 1001 2670 laetor,
1041 2618 1114 2673 qui
1152 2616 1394 2658 litterarum
1424 2617 1637 2659 Romana-

110 2697 204 2725 rum
235 2682 458 2726 historiam
479 2685 726 2741 nuperrimc
751 2685 1114 2741 conscripserunt,
1139 2684 1326 2726 Bachrio
1350 2691 1391 2726 et
1415 2683 1640 2726 Tcuffclio.

113 2749 312 2808 Denique
359 2752 396 2793 si
445 2752 540 2807 quis
586 2750 824 2793 Publilium
870 2766 894 2792 a
933 2751 1122 2794 librariis
1172 2753 1216 2793 in
1262 2752 1466 2793 Publium
1513 2767 1642 2809 saepe

115 2816 397 2873 depravatum
436 2834 530 2860 csse
566 2826 614 2861 ut
651 2819 849 2875 pluribus
893 2819 1107 2876 exemplis
1155 2819 1434 2861 confirmetur
1472 2820 1641 2861 deside—

113 2891 199 2937 ret,
239 2886 343 2927 satis
372 2901 574 2942 magnum
608 2887 801 2943 proferre
842 2887 1032 2929 locorum
1073 2901 1297 2928 numerum
1341 2902 1410 2930 res
1443 2889 1524 2929 crit
1554 2903 1638 2929 non

1321 2959 1365 2989 1*
