1956 3308
324 242 399 282 106
734 251 934 282 PUBLILII
965 251 1068 282 svm
1098 251 1396 282 SENTENTIAE.

321 357 403 394 570
431 351 511 392 Rei
541 350 647 392 nulli
678 350 850 407 prodest
879 364 997 392 mora
1025 350 1108 391 nisi
1138 350 1396 393 iracundiae.

428 418 541 459 Reus
573 418 772 459 innocens
802 416 1029 469 fortunam,
1060 430 1144 457 non
1173 422 1325 458 testem
1354 417 1490 459 timet.

428 485 587 526 Rarum
617 498 710 524 esse
739 489 918 538 oportet,
950 481 1063 538 quod
1093 481 1167 524 diu
1197 496 1340 524 carum
1369 482 1491 526 velis.

427 552 594 606 Rapere
624 555 688 590 est
717 549 908 604 accipere
936 549 1048 605 quod
1079 563 1163 590 non
1193 549 1331 605 possis
1362 549 1555 591 reddere.

427 617 608 671 Regnat,
638 630 723 657 non
753 616 927 670 regitur,
959 615 1031 671 qui
1060 614 1122 657 nil
1151 615 1235 657 nisi
1266 615 1379 672 quod
1410 615 1504 658 vult
1533 607 1678 658 fa'cit?

319 688 398 725 575
429 681 705 725 Rivalitatem
734 695 820 723 non
848 687 962 723 amat
991 682 1185 723 victoria.

426 750 641 792 Ruborem
669 749 807 790 amieo
837 753 1038 790 excutere
1066 749 1248 789 amicum
1279 754 1343 790 est
1373 748 1564 804 perdere.

425 817 522 858 Rex
550 829 644 857 esse
672 814 818 868 nolim,
849 821 896 857 ut
926 829 1018 856 esse
1047 814 1231 856 crudelis
1262 815 1404 859 velim.

423 883 508 925 Res
538 887 695 938 quanto
726 887 791 923 est
818 882 967 935 maior,
997 887 1115 923 tanto
1146 887 1210 923 est
1238 881 1506 924 invidiosior.

424 949 611 1004 Roganti
640 948 793 990 melius
825 962 950 1004 quam
980 948 1207 1004 imperanti
1237 962 1400 1004 pareas.

316 1021 397 1058 580
425 1016 653 1071 Respicere
682 1014 743 1056 nil
774 1015 996 1056 consuevit
1025 1013 1260 1056 iracundia.

424 1082 592 1138 Rapere
623 1087 700 1135 cst,
731 1095 816 1122 non
845 1087 1000 1137 petere,
1033 1080 1242 1136 quidquid
1272 1081 1410 1122 invito
1439 1082 1623 1124 auferas.

423 1148 676 1189 Remedium
705 1147 865 1189 frustra
894 1153 958 1188 cst
987 1154 1135 1189 contra
1164 1147 1325 1189 fulmen
1354 1162 1568 1204 quaerere.

425 1214 608 1271 [Rogare
636 1214 890 1255 beneficium
921 1214 1104 1255 servitus
1135 1213 1477 1270 quoddammodo
1507 1217 1601 1270 est.]

313 1293 396 1318 Prov.
426 1281 550 1334 Sunt,
580 1294 754 1334 quorum
783 1294 928 1334 eorpus
955 1282 1172 1323 innoxium
1201 1284 1268 1332 est,
1300 1285 1336 1323 et
1366 1283 1410 1323 in
1439 1282 1548 1324 mille
1573 1282 1809 1334 facinorum

341 1352 391 1389 95
685 1348 825 1399 furias
852 1361 966 1389 mens
995 1348 1125 1389 otiosa
1154 1348 1360 1389 discurrit.

423 1413 471 1455 Si
499 1415 545 1455 in
574 1414 800 1456 clientelam
827 1414 959 1466 felicis
986 1414 1165 1455 hominis
1184 1415 1442 1467 potentisque
1463 1416 1711 1468 perveneris,

687 1484 763 1522 aut
789 1481 941 1522 veritas
969 1483 1043 1521 aut
1072 1481 1258 1522 amicitia
1280 1481 1495 1533 perdenda
1524 1484 1591 1523 est.

421 1547 470 1587 Si
497 1548 559 1587 vis
588 1547 727 1588 beatus
755 1559 847 1597 esse,
879 1547 1010 1599 coyita
1038 1546 1111 1588 hoe
1129 1547 1340 1600 primum:
1369 1550 1574 1589 contemne
1593 1550 1805 1591 contemni.

421 1612 470 1655 Si
498 1613 638 1654 multis
658 1613 865 1666 placuerit
891 1614 978 1654 vita
1007 1616 1092 1663 tua,
1123 1613 1198 1654 tibi
1219 1613 1386 1666 placere
1415 1627 1499 1655 non
1519 1615 1682 1667 poterit.

422 1679 691 1721 Solitudinem
721 1682 906 1732 quaerat,
937 1680 1010 1732 qui
1037 1679 1123 1721 vult
1151 1693 1243 1721 eum
1270 1680 1552 1723 innocentibus
1579 1681 1722 1723 vivere.

312 1860 488 1887 comens
521 1862 549 1886 v.
573 1849 811 1888 569—583:
842 1849 879 1885 F
896 1848 976 1896 (T),
1006 1849 1172 1885 Proverh.
1194 1849 1303 1887 PRF
1320 1847 1426 1899 (EC),
1446 1851 1489 1887 M

312 1939 395 1976 570
427 1939 484 1986 Cf.
506 1951 538 1975 v.
560 1939 637 1975 311
754 1937 833 1974 572
867 1937 923 1986 Cf.
946 1950 976 1975 υ.
999 1937 1074 1975 511
1101 1943 1136 1974 et
1158 1938 1244 1975 Sen.
1266 1940 1312 1975 de
1332 1939 1456 1986 benef.
1482 1939 1525 1986 1,
1550 1939 1620 1986 14,
1646 1941 1665 1976 1
1693 1939 1806 1989 ‘quod

312 1994 411 2030 voles
441 1999 580 2042 gratum
609 2005 708 2039 esse,
738 2004 854 2029 rarum
883 1992 1012 2029 effice'.
1134 1993 1214 2031 573
1245 2005 1316 2030 uon
1336 1995 1504 2042 Inqolst..·
1532 2006 1599 2031 usu
1620 1997 1671 2037 F.-
1698 1996 1749 2043 cf.
1772 2008 1804 2033 v.

313 2049 390 2085 172
413 2054 448 2085 et
468 2050 546 2086 581
675 2048 755 2086 574
786 2050 924 2097 regitur
950 2049 1235 2086 Froeliliehius:
1262 2049 1421 2097 loquitur
1441 2051 1487 2096 F,
1516 2052 1680 2099 sequitur
1707 2054 1804 2088 coni.

310 2105 540 2141 Ribbeekius
652 2105 701 2141 nil
724 2106 884 2141 Gruter.-
905 2104 990 2140 nihil
1013 2105 1050 2139 F
1159 2104 1238 2142 576
1271 2104 1326 2152 Cf.
1349 2117 1380 2142 v.
1402 2105 1482 2142 455
1595 2107 1754 2143 incutere
1778 2107 1811 2143 T

428 2161 508 2197 577
540 2160 662 2196 nollim
684 2161 720 2195 F
841 2171 920 2196 esse
940 2159 1094 2195 erudelis
1114 2161 1287 2207 Inyolst..·
1307 2172 1358 2196 cr.
1380 2171 1459 2197 esse
1480 2162 1517 2197 F
1643 2162 1723 2199 578
1753 2163 1805 2199 in·

310 2216 477 2252 vidiosior
506 2216 647 2252 Bothe..-
676 2215 880 2251 insidiosior
900 2215 980 2252 FT.
1039 2215 1097 2262 Cf.
1129 2215 1238 2252 Gaec.
1262 2215 1373 2252 Balb.
1395 2215 1549 2253 Monac.
1574 2217 1645 2263 10,
1671 2218 1713 2263 1,
1737 2229 1801 2265 pq.

312 2271 382 2307 22:
416 2270 629 2307 ‘Simonides
658 2272 902 2318 interrogatus
924 2282 941 2306 a
963 2269 1136 2317 quodam,
1167 2270 1462 2318 quemadmodum
1489 2271 1626 2308 invidos
1653 2283 1725 2309 uon
1745 2272 1805 2309 ha-

310 2326 423 2372 beret,
444 2326 478 2362 Si
501 2326 609 2372 nihil,
630 2327 766 2374 inquit,
793 2336 833 2362 ex
857 2326 993 2373 magnis
1014 2325 1119 2362 rebus
1142 2326 1304 2362 habueris
1325 2331 1385 2362 aut
1405 2326 1490 2363 nihil
1513 2327 1662 2363 feliciter
1682 2338 1803 2376 gesse-

310 2382 388 2418 ris’.
504 2382 585 2419 580
614 2382 660 2418 nil
682 2382 840 2429 Inqolse.
867 2386 902 2418 el
932 2381 1042 2417 Caec.
1067 2382 1176 2418 Balb.
1198 2381 1302 2419 Mon.
1327 2381 1364 2427 7,
1386 2381 1432 2428 4,
1458 2393 1520 2430 py.
1544 2382 1593 2418 21
1624 2380 1680 2420 ²11.
1702 2382 1750 2421 nil
1769 2394 1801 2419 c.

310 2437 376 2473 i.':
406 2437 493 2473 nihil
521 2438 558 2473 F
686 2436 765 2475 582
797 2437 982 2484 remigium
1011 2437 1152 2473 Gruter
1263 2437 1392 2473 frustra
1421 2442 1476 2474 est
1504 2438 1645 2475 Gruter
1670 2435 1737 2487 (ef.
1768 2449 1800 2474 v.

310 2487 422 2538 418);
455 2492 549 2529 fraus
577 2498 633 2529 est
660 2493 712 2538 F,
743 2498 782 2530 ul
811 2505 842 2531 v.
869 2491 946 2528 172
1087 2492 1220 2528 fulmen
1250 2483 1622 2530 Bentleius:'ssumen
1641 2494 1679 2530 F

310 2548 389 2585 583
422 2548 480 2596 Cf.
504 2561 535 2585 v.
552 2548 624 2585 48.
647 2547 730 2586 490
822 2544 1047 2595 beneficium]
1071 2548 1226 2596 ingenuo
1248 2549 1389 2585 Gruter
1408 2558 1461 2585 εκ
1480 2550 1699 2585 coniectura

310 2604 361 2640 95
402 2604 505 2640 Vinc.
529 2605 623 2643 Bell.
646 2615 701 2651 sp.
722 2605 758 2641 d.
781 2603 820 2649 4,
844 2603 921 2639 107
1043 2599 1096 2652 οι]
1119 2602 1187 2639 Sed
1211 2603 1246 2639 F
1259 2605 1362 2640 initio
1385 2613 1535 2649 versus,
1562 2603 1697 2639 animus
1717 2612 1800 2638 vero

310 2659 458 2705 (omisso
485 2658 598 2706 mens)
620 2659 649 2696 G
768 2659 953 2695 faunorum
975 2658 1012 2694 F
1121 2658 1227 2694 furias
1248 2658 1401 2695 PRFC:
1431 2658 1532 2701 furta,
1553 2657 1656 2696 Vino.
1678 2669 1727 2694 an
1749 2658 1800 2693 in-

310 2716 439 2750 iurias?
470 2716 515 2751 de
536 2727 608 2762 quo
631 2716 810 2752 vocabulo
831 2719 1013 2760 corrupto
1035 2714 1085 2761 “s-
1109 2715 1160 2750 ad
1179 2726 1210 2751 v.
1233 2714 1312 2751 388
1350 2754 1358 2760 ‚
1439 2708 1570 2762 otiosa]
1593 2711 1737 2748 hodiosa
1761 2711 1799 2757 0,

311 2771 377 2805 cita
401 2771 434 2805 F
563 2770 614 2807 96
647 2771 682 2806 F
699 2770 803 2806 habet
823 2775 904 2817 post
926 2769 976 2806 97
1109 2769 1311 2806 clientillam
1335 2767 1399 2805 PR
1510 2768 1710 2815 perveneris
1732 2767 1799 2804 PR

321 2825 426 2861 Vinc.
451 2827 494 2861 B.
523 2838 578 2872 sp.
607 2828 643 2862 d.
673 2826 719 2871 5,
742 2826 784 2862 7:
815 2826 950 2861 veneris
972 2825 1008 2860 F
1041 2828 1044 2831 ’
1145 2824 1196 2861 97
1227 2825 1271 2861 M
1288 2822 1340 2860 24
1478 2827 1664 2859 contemne
1684 2823 1800 2860 PEC:

311 2886 539 2918 contemnere
561 2882 658 2928 ΒΜ,
681 2893 748 2918 om.
774 2881 809 2916 F
937 2879 987 2916 99
1018 2879 1244 2915 solitudinem
1267 2878 1412 2923 PREC,
1433 2878 1473 2914 M
1493 2877 1564 2914 27:
1594 2877 1800 2915 sollicitudi-
