1956 3308
576 207 783 238 PUBLILII
814 208 919 240 svm
950 208 1256 243 snmnu'rmn.
1597 206 1674 248 101

156 319 244 346 mv.
278 306 460 360 Quidam
488 309 652 351 inimici
677 323 827 363 yraves
854 314 953 353 sunt
981 313 1110 355 amici
1138 313 1251 356 leves.

273 374 532 428 Quietissime
573 377 755 419 viverent
794 377 998 430 homines,
1042 381 1082 422 si
1124 381 1206 424 duo
1249 382 1375 424 verba
1412 384 1675 427 tollerentur.-

562 438 565 441 ’
966 460 1102 489 meum
1130 451 1168 490 et
1195 451 1325 492 tuum.

270 509 353 562 Qui
372 514 669 564 paupertatem
698 513 822 565 timet,
854 527 982 566 quam
1011 515 1184 558 timidus
1212 517 1296 558 est!

184 580 236 618 75
270 575 389 629 Quod
415 579 589 620 tacitam
617 592 700 622 esse
727 581 802 631 vis,
833 582 994 624 nemini
1022 582 1191 634 dixeris,

265 645 368 698 quia
404 659 490 688 non
517 648 676 700 poteris
710 647 764 690 ab
802 648 887 690 alio
924 650 1082 702 exiqere
1117 650 1348 703 silentium,
1393 653 1431 694 si
1470 653 1546 695 tibi
1587 655 1672 707 ipse

962 730 1048 759 non
1069 721 1276 771 praestas.

268 779 350 831 (eui
384 782 516 823 servis
551 782 730 824 erudelis
766 785 841 834 est,
882 784 1058 826 ostendit
1093 785 1140 826 in
1170 786 1277 828 alios
1306 800 1391 828 non
1419 785 1685 831 voluntatem

515 847 517 849 ’
958 851 1040 894 sibi
1068 852 1211 903 deesse,
1242 854 1315 895 sed
1333 857 1587 907 potestatem.

265 914 348 966 Qui
376 915 424 958 ob
453 915 527 958 hoe
555 916 764 958 iniuriam
789 917 915 970 facit,
947 919 1050 971 quia
1071 922 1223 972 potest,
1256 921 1333 962 cito
1363 921 1537 973 desinit,
1570 924 1673 976 quia

954 986 1062 1038 feeit.

264 1050 376 1101 Quid
403 1050 565 1093 dulcius
594 1065 722 1104 quam
751 1051 912 1103 habere,
943 1067 1036 1095 cum
1066 1067 1145 1107 quo
1174 1056 1318 1097 omnia
1347 1056 1505 1098 audeas
1512 1071 1526 1107 ;

176 1120 231 1158 80
259 1130 379 1170 quem
406 1118 467 1159 sie
495 1119 651 1169 eredas,
681 1121 729 1160 ut
757 1122 794 1161 te
801 1135 816 1170 ;
846 1121 914 1162 eui
941 1121 1000 1162 sie
1030 1121 1217 1175 loquaris
1245 1124 1370 1175 quasi
1399 1126 1540 1165 tecum.

264 1183 423 1236 Quanti
458 1185 559 1228 tales
596 1187 752 1228 amieos
787 1186 937 1229 habere
972 1188 1207 1240 voluerunt,
1252 1193 1290 1231 et
1324 1191 1407 1244 ipsi
1443 1191 1545 1233 tales
1581 1205 1665 1234 esse

956 1268 1041 1297 non
1061 1259 1250 1309 possunt.

146 1322 225 1361 501
259 1317 473 1371 Quamvis
503 1334 591 1362 non
618 1326 797 1374 rectum,
829 1321 971 1378 quoad
1000 1322 1136 1377 iuvat,
1167 1330 1333 1366 rectum
1362 1331 1503 1381 putes.

260 1385 489 1443 Quidquid
520 1401 675 1430 nocere
704 1387 874 1442 didicit,
905 1389 1102 1431 meminit
1132 1405 1228 1432 eum
1259 1398 1416 1448 potest.

259 1452 367 1511 [Qui
395 1454 549 1496 metuit
578 1453 881 1510 calamitatem,
911 1471 1009 1499 raro
1038 1457 1226 1515 accipit]

259 1521 404 1574 Quam
433 1522 637 1565 miserum
668 1529 734 1565 est
762 1530 945 1566 mortem
975 1538 1131 1581 cupere
1159 1539 1239 1567 nec
1268 1540 1394 1582 posse
1424 1527 1579 1569 emori!

141 1593 223 1632 505
255 1588 345 1642 Qui
373 1603 452 1646 pro
482 1589 710 1632 innocente
739 1589 861 1643 dicit,
892 1592 999 1633 satis
1030 1598 1096 1633 est
1127 1591 1345 1649 eloquens.

255 1654 346 1709 Qui
375 1670 473 1699 cum
503 1655 621 1700 dolet
650 1656 886 1712 blanditur,
916 1665 1015 1715 post
1043 1665 1213 1716 tempus
1243 1660 1372 1717 sapit.

144 1874 324 1904 comens
354 1864 524 1902 Proverb.
547 1865 657 1902 PRF
673 1864 782 1913 (EC),
813 1877 845 1902 v.
869 1865 1170 1903 501—-5682-11'
1188 1862 1255 1914 (T)

257 1977 309 2015 72
340 1974 460 2028 amici]
483 1978 616 2014 inimici
636 1978 675 2014 F
749 1977 800 2015 73
832 1978 1054 2026 quietissime
1075 1976 1142 2014 FC
1166 1978 1271 2014 Vino.
1296 1978 1343 2014 B.
1366 1989 1424 2025 sp.
1446 1980 1481 2016 d.
1505 1979 1545 2025 4,
1570 1980 1662 2018 135.

142 2035 189 2082 5,
212 2034 285 2072 77.-
313 2034 526 2083 quietissimi
547 2033 640 2080 PR,
672 2034 928 2082 quietissimam
958 2035 1062 2070 vitam
1091 2040 1239 2082 agerent
1259 2034 1302 2070 M
1324 2034 1376 2071 98
1493 2035 1662 2072 tolleren-

142 2096 202 2127 tur
229 2091 299 2128 PR
345 2090 450 2127 Vino.
483 2090 560 2133 M.·‚
585 2089 754 2126 tollerent
782 2090 848 2127 FC
979 2089 1044 2138 ‚74
1078 2089 1220 2126 timidus
1251 2090 1289 2126 F
1331 2091 1431 2127 Vino.
1472 2092 1517 2127 B.
1555 2102 1660 2139 spec.

140 2149 238 2185 doct.
261 2147 307 2193 5,
331 2146 402 2184 77:
434 2145 613 2182 timendus
642 2145 760 2192 PRO,
791 2146 834 2183 M
853 2145 905 2183 99
1030 2146 1080 2183 76
1113 2145 1196 2194 quia
1223 2157 1295 2183 non
1324 2146 1447 2184 PRF:
1477 2148 1660 2196 quomodo

141 2203 219 2249 EC,
240 2203 285 2240 M
304 2202 354 2240 16
487 2203 565 2250 inse
585 2202 706 2239 PRO.-
736 2203 803 2251 ipsi
823 2203 898 2239 ΓΕ
927 2203 1032 2240 Vinc.
1054 2202 1102 2238 B.
1124 2213 1183 2248 sp.
1204 2203 1239 2238 d.
1262 2201 1302 2248 4,
1324 2202 1391 2250 92,
1412 2203 1457 2239 Μ
1477 2203 1527 2241 16

142 2260 194 2297 77
225 2259 336 2295 servis
358 2258 474 2296 LEO.-
503 2259 540 2294 in
567 2269 693 2295 servos
714 2259 760 2295 M
780 2258 854 2296 131
869 2286 879 2304 ,
908 2260 944 2295 in
972 2269 1075 2295 servo
1105 2259 1186 2295 cod.
1208 2258 1334 2295 Paris.
1357 2258 1464 2296 4841
1582 2257 1604 2281 ²³
1625 2260 1660 2296 iu

140 2315 247 2352 aiios:
268 2316 305 2352 in
325 2315 402 2351 aliis
422 2314 453 2350 L
486 2315 588 2351 Vinc.
612 2315 659 2350 B.
683 2326 740 2362 sp.
763 2316 798 2351 cl.
822 2315 862 2362 5,
887 2315 959 2363 17,
988 2314 1158 2350 adversus
1178 2314 1266 2350 alios
1286 2315 1342 2361 M,
1363 2314 1533 2352 adversus
1553 2315 1660 2352 alium

141 2372 339 2410 codsl’ar.
362 2370 490 2408 4841.
617 2371 668 2407 78
699 2370 839 2408 desinet
861 2371 1020 2418 Godnfr.
1154 2371 1234 2418 quia
1256 2367 1358 2421 fecit]
1389 2374 1453 2408 via:
1473 2374 1660 2420 integrum

141 2433 209 2466 est.
334 2427 385 2464 79
417 2426 557 2463 dulcius
578 2426 718 2464 PREC
747 2428 850 2464 Vino.
874 2428 921 2474 5,
943 2427 1018 2474 83,
1039 2426 1082 2462 M
1102 2426 1173 2464 20:
1204 2426 1351 2463 stultius
1373 2428 1410 2463 F
1530 2427 1659 2464 habere

139 2485 290 2521 amicum
310 2494 391 2520 cum
411 2483 454 2519 M
567 2482 697 2519 audeas
718 2482 829 2520 PRE
857 2482 974 2520 Vino„-
993 2482 1113 2519 audias
1135 2483 1182 2528 F,
1207 2482 1306 2531 loqui
1326 2482 1455 2519 audeas
1478 2483 1507 2520 C
1524 2486 1658 2520 omisso

140 2553 174 2578 v.
202 2540 279 2587 80,
316 2538 447 2576 audeas
476 2544 515 2575 ut
544 2543 660 2575 tecum
689 2540 806 2575 omnia
833 2540 885 2576 sic
911 2539 1010 2588 ioqui
1039 2538 1082 2575 M
1212 2538 1267 2576 80
1297 2549 1402 2587 quem
1425 2566 1434 2575 .
1458 2567 1466 2575 .
1491 2545 1525 2575 te
1553 2539 1662 2575 PRF

150 2596 269 2634 Vino„-
296 2596 352 2632 cui
375 2623 384 2632 .
409 2623 417 2631 .
441 2594 504 2632 tibi
526 2595 563 2631 E
692 2594 743 2632 81
775 2601 812 2632 et
833 2596 941 2632 PRE
971 2595 1090 2632 Vina.-
1111 2593 1199 2639 Qum
1222 2595 1259 2631 F
1383 2594 1462 2633 501
1494 2591 1517 2616 *
1539 2594 1656 2643 quoad

138 2653 236 2690 iuvat
263 2653 321 2690 vel
349 2662 421 2700 quo
453 2650 494 2687 ad
523 2651 638 2687 iuvat:
670 2650 767 2699 quod
788 2651 929 2688 adiuvat
949 2652 1003 2697 F,
1033 2650 1130 2699 quod
1151 2651 1246 2686 iuvat
1268 2650 1422 2688 Gruter.
1483 2651 1656 2688 Ceterum

139 2709 236 2745 iuvat
255 2709 367 2745 nolim
388 2709 643 2755 interpretari
663 2706 899 2755 ‘voluptatem
923 2706 1044 2755 parit’,
1067 2712 1107 2744 ut
1129 2719 1159 2744 v.
1182 2706 1276 2744 344.
1299 2706 1403 2753 514,
1424 2708 1492 2743 sed
1507 2708 1656 2753 potius.-

139 2764 176 2800 in
204 2768 378 2812 quantum
405 2763 555 2813 prodest
586 2765 641 2800 nel
668 2763 836 2800 auxilium
864 2763 991 2800 adfert.
1152 2763 1232 2800 503
1264 2763 1377 2798 rarius
1405 2761 1562 2811 Inyolst.
1590 2762 1656 2799 cal.

140 2823 226 2856 met.
248 2819 278 2856 is
306 2830 387 2857 raro
410 2820 586 2858 Baebius.
646 2819 705 2866 Cf.
729 2832 758 2856 v.
782 2819 876 2858 607.
898 2818 993 2857 499.
1014 2818 1107 2855 542.
1253 2818 1334 2855 504
1364 2819 1476 2855 emori
1495 2818 1655 2867 lnqolst.

141 2875 232 2912 mori
249 2875 288 2912 F
