1956 3308
530 262 671 294 mma
701 262 1012 294 Pussmmths
1042 262 1299 294 RECEPTAE.
1601 255 1679 297 135

263 365 423 409 Ulcera
450 364 583 406 animi
613 365 750 421 magis
781 379 911 422 quam
940 365 1132 422 eorporis
1162 365 1356 408 sananda
1387 372 1502 408 sunt.

265 431 430 478 Volunt
458 431 654 491 homines
684 433 747 475 ita
776 439 1054 491 praeceptum
1084 446 1178 475 esse
1207 438 1256 476 ut
1285 434 1464 487 vivunt,
1499 448 1585 477 non
1615 434 1678 477 ita

693 499 846 543 vivere
875 507 922 543 ut
953 506 1232 558 praeceptum
1262 507 1340 546 est.

264 567 486 611 Utendum
517 573 582 610 est
612 567 798 623 divitiis,
830 582 915 611 non
943 567 1224 610 abutendum.

261 635 324 678 Ut
351 634 532 678 fulmina
552 650 786 693 paucorum
805 634 996 694 periculo
1017 635 1190 691 cadunt,
1221 635 1412 678 omnium
1437 642 1575 691 metu,
1607 638 1675 679 sic

693 703 1092 747 animadversiones
1127 718 1381 759 magnarum
1411 710 1673 761 potestatum

693 777 859 814 terrent
888 770 1019 813 latius
1050 786 1179 828 quam
1207 777 1378 813 nocent.
1620 812 1623 817 Δ

151 843 234 881 390
264 838 445 881 Utinam
475 854 526 881 ea
554 838 628 881 lex
657 838 823 882 homini
853 844 981 892 esset,
1011 846 1060 881 ut
1092 837 1186 896 [ira]
1216 853 1313 881 cum
1344 838 1429 881 telo
1459 853 1536 882 suo
1558 839 1675 881 fran-

691 913 880 963 geretur,
909 920 990 948 nec
1009 908 1181 964 saepius
1202 905 1352 949 licer‘et
1372 921 1526 949 nocere
1547 921 1673 964 quam

694 973 839 1017 semel.

269 1041 513 1100 Utrumque
541 1043 700 1085 vitium
730 1048 796 1085 est
824 1041 932 1084 nulli
963 1041 1139 1084 credere
1170 1047 1212 1084 et
1241 1041 1454 1084 omnibus.

297 1183 378 1222 386
410 1184 476 1221 Go.
499 1179 650 1234 ulcera]
675 1185 765 1220 vilia
787 1181 968 1219 Fabricius
1111 1158 1191 1219 3537
1225 1181 1287 1218 Go.
1428 1182 1509 1219 388
1542 1183 1607 1219 Go.
1630 1182 1678 1218 De

157 1251 249 1276 mor.
272 1241 323 1278 78
439 1239 519 1278 389
552 1241 618 1277 Go.
642 1239 724 1276 Seu.
746 1238 790 1275 de
810 1238 912 1275 clem.
939 1238 976 1285 1,
998 1238 1039 1285 8,
1061 1238 1085 1275 5
1202 1238 1284 1276 390
1315 1239 1380 1275 (ἕο.
1402 1238 1485 1275 Seu·
1506 1238 1550 1274 de
1570 1238 1675 1275 clem.

161 1296 197 1342 1,
221 1296 287 1343 19,
309 1296 334 1332 4
450 1296 529 1334 391
562 1296 608 1332 F.
632 1296 680 1332 De
701 1306 790 1332 mor.
813 1295 878 1334 77.
899 1295 980 1332 Seu.
1005 1295 1108 1344 epist.
1132 1294 1172 1341 3,
1194 1293 1219 1330 4
