1956 3308
0 2874 3 2879 .
0 2754 15 2864 '‘*?‘·>‘*‘'f

796 225 859 255 DE
889 224 1110 256 mominis.
1640 212 1719 254 147

192 336 284 374 130.
317 330 532 384 Quotiens
563 328 719 370 scribis
749 326 917 384 aliquid
941 325 1091 384 [quod]
1116 325 1314 368 editurus
1337 340 1395 379 es,
1427 326 1536 367 scito
1558 340 1723 366 morum

315 404 491 440 tuorum
519 402 564 438 te
593 395 843 438 hominibus
875 394 1212 451 chirographum
1243 394 1359 435 dare.

191 471 286 508 131.
318 463 409 518 Qui
444 465 489 506 in
531 479 681 507 servos
718 463 922 505 irascitur
960 468 1003 504 et
1041 461 1229 504 crudelis
1262 455 1348 510 est,
1388 461 1494 503 satis
1533 460 1725 503 ostendit

316 537 579 590 potestatem
609 531 821 573 adversus
853 529 962 573 alios
984 529 1070 572 sibi
1091 528 1300 583 defuisse,
1331 544 1419 571 non
1440 527 1723 571 voluntatem.

192 605 286 643 132.
318 599 409 653 Qui
438 601 578 642 nescit
607 605 764 652 tacere,
795 599 936 640 nescit
966 604 1008 640 et
1038 597 1172 655 loqui.

190 668 417 711 132³.Non
447 666 661 725 quidquid
698 665 874 724 inprobi
912 666 1066 708 audire
1095 664 1357 718 meruerint,
1408 663 1454 705 id
1491 663 1618 721 probi
1650 663 1724 704 de-

318 736 424 779 bent
454 735 614 778 dicere.

195 803 620 860 132b.Longaevitas
650 802 777 846 bonis
808 800 1014 859 optabilis
1045 806 1126 843 est.

195 877 288 915 133.
321 872 468 914 Bonus
491 871 660 913 *fruitur
688 869 804 912 bona
834 869 1115 912 conscientia.

195 944 287 982 134.
322 939 393 997 [A]
425 939 551 981 malis
581 937 831 981 hominibus
861 937 1130 979 tutissimum
1161 942 1226 977 est
1257 936 1343 977 cito
1375 935 1578 991 effugere.

194 1013 287 1050 135.
318 1006 451 1049 Nulla
479 1006 639 1064 pusilla
669 1005 839 1060 domus,
871 1019 982 1061 quae
1010 1005 1172 1046 amicos
1203 1002 1361 1045 multos
1392 1003 1524 1060 capit.

194 1081 288 1119 136.
319 1075 511 1118 Facilius
550 1080 617 1117 est
653 1074 835 1131 pauperi
873 1078 1167 1129 contemptum
1206 1071 1398 1127 effugere
1436 1085 1565 1126 quam
1595 1069 1725 1111 diviti

320 1143 549 1185 invidiam.
1028 1180 1039 1193 ,

198 1216 290 1254 137.
323 1210 445 1254 Scire
473 1211 540 1252 uti
570 1209 783 1252 felicitate
813 1210 1004 1250 maxima
1034 1207 1221 1250 felicitas
1253 1215 1333 1249 est.

196 1284 289 1322 138.
319 1280 485 1321 Arcum
513 1279 698 1320 intentio
728 1277 907 1333 frangit,
938 1277 1130 1318 animum
1160 1275 1374 1317 remissio.

196 1352 288 1389 139.
320 1347 568 1404 Numquam
599 1346 740 1389 scelus
772 1344 934 1387 scelere
965 1343 1280 1386 vindicandum
1311 1349 1390 1384 est.

195 1419 287 1458 140.
319 1414 467 1457 Bonus
499 1420 565 1456 est
594 1415 678 1468 vir,
711 1414 787 1470 qui
816 1428 866 1455 eo
896 1411 1105 1469 produxit
1134 1411 1294 1453 affectu
1322 1410 1529 1463 animum,
1560 1415 1608 1461 ut
1637 1423 1723 1450 non

321 1488 491 1524 tantum
520 1497 607 1524 non
637 1481 746 1524 velit
775 1495 972 1538 peccare,
1005 1479 1082 1522 sed
1111 1494 1199 1521 non
1228 1479 1381 1536 possit.

196 1555 308 1593 140⁸.
321 1549 469 1593 Satius
501 1556 568 1592 est
597 1549 747 1592 liberis
780 1549 1059 1606 superstitem
1090 1561 1185 1589 esse
1215 1561 1343 1603 quam
1373 1544 1579 1586 libertati.

196 1623 289 1659 141.
321 1617 624 1674 Regnantibus
661 1617 797 1659 multo
828 1617 951 1673 peius
984 1622 1051 1658 est
1088 1613 1330 1672 periculum
1362 1627 1488 1670 quam
1520 1612 1608 1666 his,
1650 1612 1726 1668 qui

322 1685 597 1728 iudicantur:
628 1685 675 1727 hi
706 1686 821 1726 enim
853 1683 1047 1740 singulos
1077 1684 1247 1736 timent,
1279 1680 1345 1723 illi
1373 1681 1617 1722 universos,

200 1758 292 1794 142.
324 1753 551 1810 Numquid
589 1753 716 1795 fortis
761 1752 918 1794 fortem
956 1766 1003 1793 se
1043 1749 1323 1807 gloriabitur,
1370 1763 1497 1804 quem
1535 1747 1726 1804 corporis

323 1821 553 1877 aegritudo
585 1821 720 1863 efficit
749 1818 1001 1862 infirmum?
1046 1817 1271 1874 Numquid
1303 1816 1426 1858 dives
1458 1816 1539 1870 (in)
1573 1814 1726 1872 opibus

311 2009 392 2047 130
422 2007 583 2045 scribens
613 2006 747 2056 aliquid
784 2006 948 2043 editurus
978 2004 1155 2052 (dicturus
1185 2003 1230 2048 S,
1262 2002 1463 2038 dictaturus
1503 2000 1551 2048 V)
1580 2012 1618 2036 es
1648 2000 1728 2037 GS:

194 2065 320 2102 scribis
342 2068 479 2102 omisso
500 2075 538 2100 es
560 2064 597 2099 P
730 2063 806 2099 131
841 2062 929 2098 alios
952 2062 1000 2098 S:
1021 2061 1157 2096 alienos
1180 2059 1223 2105 G,
1245 2059 1353 2095 alium
1374 2058 1411 2094 P
1539 2056 1618 2094 132
1649 2057 1726 2093 Au-

196 2134 278 2159 son.
313 2122 389 2159 VII
409 2121 502 2168 Sap.
527 2120 567 2167 2,
591 2121 627 2157 1.
652 2120 768 2157 ,Vina
793 2119 940 2156 Bellov.
965 2128 1068 2165 spec.
1090 2129 1183 2154 mor.
1203 2116 1242 2162 3,
1262 2116 1297 2158 1,
1314 2114 1359 2150 4:
1387 2111 1664 2163 ‘Hiero[ny1nus
1675 2109 1724 2164 ?].

195 2180 290 2216 Bene
318 2178 420 2226 loqui
448 2178 583 2223 nescit,
613 2177 674 2225 qui
703 2181 820 2213 tacere
849 2187 923 2212 non
951 2175 1080 2211 novit’.
1143 2171 1255 2209 Caec.
1287 2173 1400 2208 Balb.
1427 2183 1492 2219 pq.
1523 2170 1576 2207 86

199 2235 299 2273 132³
328 2234 428 2272 PGS
440 2235 488 2271 V.-
509 2245 580 2271 om.
604 2235 688 2271 edd.
805 2232 928 2268 audire
948 2231 1001 2267 P.-
1029 2241 1100 2267 om.
1123 2231 1263 2276 reliqui
1331 2278 1333 2280 q
1379 2224 1480 2265 132b
1513 2227 1575 2264 GS
1589 2227 1634 2263 V.-
1655 2238 1723 2263 om.

195 2293 278 2329 edd.
387 2337 389 2339 Ι
435 2289 516 2328 134
548 2286 618 2340 [A]
656 2291 846 2337 supplevit
875 2287 1152 2325 Schenkelius:
1190 2286 1227 2321 iu
1258 2286 1387 2333 vulyo,
1417 2295 1488 2320 om.
1519 2282 1581 2320 GS

198 2347 278 2386 135
310 2348 481 2385 Phaedr.
509 2347 596 2394 fab.
619 2347 643 2384 3
658 2375 669 2394 ‚
691 2347 738 2393 9,
761 2346 804 2383 6:
833 2342 990 2389 ‘Quaeso
1012 2349 1083 2380 tam
1101 2347 1310 2391 angustam,
1341 2341 1421 2377 talis
1442 2341 1516 2386 vir,
1538 2340 1642 2388 ponis
1662 2338 1726 2374 do-

195 2405 316 2440 mum?
346 2403 507 2449 Utinam,
536 2403 655 2452 inquit
682 2401 746 2450 (sc.
776 2401 980 2450 Socrates),
1008 2401 1101 2437 veris
1130 2399 1222 2435 hanc
1249 2398 1370 2434 amicis
1400 2395 1592 2445 impleam'.

198 2460 277 2498 137
314 2460 486 2498 felicitate
505 2459 559 2495 P.-
588 2463 801 2508 paupertate
824 2457 887 2494 GS
906 2459 1009 2494 editt.
1127 2455 1206 2492 138
1237 2455 1340 2491 Plut.
1363 2466 1413 2490 an
1435 2455 1519 2490 seni
1535 2465 1570 2500 9.
1594 2464 1626 2487 r.
1653 2451 1725 2487 16.-

195 2510 323 2565 τόξον,
347 2511 401 2560 ὥς
421 2524 561 2563 φασιν,
583 2506 881 2562 ἐπιτεινόμενον
902 2507 1108 2563 ῥήγνυται,
1131 2502 1242 2559 ψυχὴ
1262 2505 1303 2546 δὲ
1324 2503 1522 2557 ἀνιεμένη.
1554 2509 1724 2546 phaedr.

193 2574 278 2622 fab.
301 2574 350 2621 3,
374 2573 448 2621 14,
472 2573 535 2610 10.
566 2584 685 2610 arcum
707 2571 826 2608 PGS:
855 2570 952 2607 acuit
979 2571 1088 2618 vulyo
1215 2567 1293 2603 139
1327 2567 1415 2604 Sen.
1438 2565 1593 2613 Thyesl.
1617 2565 1723 2601 1107

195 2630 306 2679 Peip.
338 2628 491 2666 ‘scelere
521 2630 601 2677 quis
623 2633 752 2678 pensat
771 2627 917 2664 scelus’.
978 2623 1190 2662 vincendum
1211 2625 1320 2671 vulyo
1437 2621 1519 2659 140
1548 2622 1724 2658 Democr.

199 2692 299 2724 sent.
323 2686 375 2724 27
399 2698 461 2734 ap.
488 2685 553 2723 Or.
578 2697 638 2733 op.
660 2690 757 2722 sent.
780 2684 819 2730 1,
842 2683 915 2720 27.-
945 2672 1105 2731 ἇγαθόν
1126 2673 1173 2716 οὐ
1202 2671 1244 2715 τό
1266 2671 1319 2727 μὴ
1341 2669 1536 2724 ἀδικέειν,
1563 2670 1663 2714 ἀλλὰ
1683 2669 1727 2713 τό

196 2738 295 2791 μηδὲ
325 2737 500 2789 ἐθέλειν,
528 2742 725 2780 Philemon
747 2753 812 2788 ap.
837 2740 936 2777 Stob.
964 2740 1052 2786 flor.
1077 2737 1122 2783 9,
1145 2736 1220 2782 22,
1247 2735 1361 2773 Plato
1391 2747 1455 2782 ap.
1480 2732 1591 2772 Caec.
1614 2734 1726 2771 Balb.

199 2799 304 2835 Mon.
330 2799 376 2847 6,
401 2811 468 2848 pq.
492 2798 559 2836 21.
585 2800 680 2847 fort.
710 2798 825 2834 scrib.
855 2796 1019 2832 affectum
1049 2794 1154 2830 animi
1279 2792 1377 2830 140³
1408 2804 1480 2829 om.
1510 2793 1609 2828 editt.
1638 2789 1727 2826 libe-

201 2855 250 2891 ris
273 2883 281 2892 .
303 2883 311 2891 .
337 2883 345 2892 .
366 2855 522 2892 libertati
552 2856 830 2893 Schenlcelius:
867 2852 1006 2889 libertis
1036 2851 1098 2887 GS
1110 2850 1159 2895 V,
1194 2848 1368 2885 libertatis
1398 2848 1479 2894 GS,
1508 2847 1665 2884 liberatis
1698 2847 1729 2884 V

313 2910 392 2947 142
425 2912 538 2949 Haec
566 2914 755 2950 sententia
785 2910 833 2946 ab
861 2909 1139 2955 interpolatore
1168 2906 1298 2942 addita
1327 2916 1410 2942 esse
1440 2906 1586 2941 videtur

1383 2973 1449 3004 10*
