1956 3308
715 264 1084 299 PROLEGOMENA.
1607 262 1659 306 61

45 365 62 405 ἶ,
138 380 260 422 saepe
287 367 335 410 in
363 368 533 422 sapiens
561 367 766 424 abiisset,
803 368 981 413 librario
1011 372 1256 414 necessaiio
1287 374 1361 415 dat
1390 374 1665 418 scribendum

48 422 63 457 4'
101 434 234 477 fuit.
293 433 385 478 Nos
417 434 773 478 emendavimus:

339 528 716 579 Saepe-&noscendo
746 531 811 576 des
839 533 1010 571 iniuriae
1039 534 1162 573 locum
1192 530 1322 586 (vulg.
1354 533 1444 589 das)
1452 549 1467 583 ;

137 619 238 658 na'm
267 617 592 658 coniunctivum
623 617 904 674 requirebant
935 619 980 660 hi
1010 634 1162 662 versus
1193 620 1359 664 collati:
1391 622 1474 665 252
1495 625 1663 666 tacendo

1 698 17 739 ‘ss
134 684 311 737 facias‚‘
332 679 421 726 331'
444 685 759 738 interpretando
793 685 951 739 facias,
991 684 1074 730 645
1101 688 1270 740 ferendo
1309 691 1468 733 invites.
1528 691 1662 733 Recte

0 747 3 751 ⁴
138 751 314 809 quidem
344 765 391 793 se
420 751 552 793 habet
587 751 876 807 indicativus,
916 768 1015 796 cum
1046 762 1088 797 et
1119 770 1265 798 omnes
1297 756 1399 800 libri
1430 755 1547 800 illam
1578 758 1662 801 for-

51 795 59 847 Ὶῖ
135 833 252 861 mam
278 822 475 864 tuentur
485 825 528 861 et
554 819 768 877 particula
795 835 888 863 cum
917 821 1034 864 idem
1062 822 1153 864 fere
1180 822 1296 866 valet
1324 825 1439 901 quod
1468 833 1661 868 nostrum

7 882 14 916 ἓ
44 894 58 947 ;[
137 887 273 930 damit
300 886 463 942 dass*)‚
496 901 538 929 V.
569 887 626 930 52
657 894 700 929 et
733 889 813 931 122

338 981 413 1020 Bis
434 993 584 1030 peccas,
616 994 703 1021 cum
725 985 906 1031 peccanti
934 984 1158 1032 obsequium
1186 988 1460 1033 accommodas,

341 1038 440 1088 Ciam
468 1050 540 1089 das
569 1063 690 1089 avaro
712 1053 949 1099 praemium,
980 1055 1023 1090 ut
1053 1057 1185 1092 noceat
1213 1067 1339 1104 royas,

7 1178 10 1186 ,
42 1127 43 1130 “
84 1135 87 1139 ‘
137 1150 397 1193 quamquam
426 1138 473 1179 in
503 1138 739 1180 enuntiatis
769 1137 970 1180 similiter
998 1139 1194 1182 formatis
1225 1142 1398 1198 saepius
1425 1142 1661 1184 coniuncti—

38 1201 56 1243 1
136 1218 219 1246 vus
258 1202 401 1247 locum
440 1204 526 1247 sihi
562 1204 760 1248 vindieat
795 1220 838 1247 v.
873 1207 967 1248 117.
1005 1207 1102 1249 232.
1141 1208 1238 1251 233.
1269 1209 1365 1251 361.
1395 1209 1493 1251 468.
1553 1209 1661 1252 cum

36 1289 44 1298 ⁴·
136 1285 241 1314 vero
269 1272 390 1314 notio
419 1273 669 1330 temporalis
699 1275 858 1316 transit
887 1274 934 1316 in
963 1274 1319 1330 condicionalem,
1354 1283 1402 1319 ut
1431 1278 1478 1318 in
1507 1291 1661 1332 gerun-

137 1338 200 1381 dii
230 1339 444 1398 'exemplis
474 1341 602 1384 modo
631 1341 827 1399 prolatis,
860 1341 931 1383 vel
952 1356 1049 1383 cum
1071 1344 1340 1386 enuntiatum
1361 1344 1662 1387 secundarium

136 1406 360 1450 inducitur
389 1408 617 1465 particulis
646 1410 738 1461 ubi,
768 1411 825 1462 si,
857 1411 961 1462 nisi,
994 1416 1036 1452 et
1065 1411 1112 1452 in
1142 1412 1319 1467 protasi
1337 1418 1379 1454 et
1407 1413 1454 1453 in
1482 1411 1663 1469 apodosi

0 1523 1 1535 ¹
39 1445 51 1495 77
124 1475 462 1518 ,coniunctivum
491 1476 636 1534 posuit
666 1476 883 1520 Publilius
913 1492 956 1519 v.
987 1478 1056 1520 21.
1088 1478 1155 1520 88.
1187 1478 1284 1521 285.
1316 1479 1413 1522 394.
1442 1475 1541 1522 427.
1563 1480 1660 1533 635,

135 1557 263 1600 quem
290 1558 334 1588 V.
365 1559 536 1602 quoque
566 1545 620 1587 78
653 1559 709 1586 ex
737 1544 988 1587 melioribus
1020 1545 1266 1599 codicibus,
1308 1547 1351 1588 ἦν.
1384 1547 1436 1589 10
1471 1562 1525 1588 ex
1563 1562 1660 1590 con-

134 1611 300 1654 iectura
337 1609 488 1655 codice
517 1611 752 1654 Basiliensi
791 1619 833 1655 et
862 1613 1101 1656 rationibus
1141 1615 1334 1656 metricis
1366 1614 1663 1657 commendata

135 1681 367 1722 restituere
395 1679 513 1722 haud
542 1679 856 1732 dubitavimus.
915 1681 1015 1723 Uno
1046 1688 1215 1723 tantum
1244 1680 1351 1735 loco,
1384 1697 1426 1723 v.
1448 1683 1546 1737 566,
1574 1697 1660 1724 me-

134 1753 203 1790 tro
236 1753 416 1804 ,coaetus
455 1749 495 1790 si
522 1751 641 1802 potes
678 1749 855 1806 scripsit
885 1748 1113 1795 Publilius.
1174 1748 1316 1792 Simili
1353 1749 1538 1806 denique
1574 1764 1661 1791 me-

141 1813 240 1857 dela
276 1815 554 1872 refingendus
594 1822 686 1858 erat
721 1831 764 1858 v.
794 1816 879 1859 395
910 1817 1141 1872 (inveniam
1178 1816 1225 1857 F
1248 1818 1447 1874 invenies)
1478 1814 1535 1859 a‘d
1563 1832 1659 1860 nor-

0 1853 16 1882 ’Ἴ
125 1897 488 1930 ·mamsversuum
521 1884 616 1926 168.
647 1884 744 1926 280.
775 1885 874 1927 371.
905 1884 1022 1934 5798

250 1950 477 1994 Modestus
498 1951 572 1994 ille
594 1958 637 1994 et
661 1952 853 1995 urbanus
876 1966 1030 2006 sermo,
1058 1967 1185 2009 quem
1205 1954 1251 1994 in
1272 1952 1461 1994 secunda
1480 1966 1664 2009 persona

109 2019 193 2067 ¹ad
223 2019 550 2062 coniunctivum
578 2019 790 2062 inclinare
818 2020 946 2063 modo
976 2020 1181 2075 vidimus,
1212 2021 1258 2062 in
1277 2019 1472 2062 relativis
1495 2035 1662 2077 quoque

138 2087 706 2136 enuntiatis-:indicativum
742 2089 822 2130 vix
850 2088 1057 2130 admittit.
1093 2087 1208 2130 cfr.
1239 2102 1281 2129 v.
1315 2087 1408 2129 172.
1438 2087 1535 2129 209.
1565 2088 1661 2130 314.

138 2155 237 2198 370.
267 2155 364 2198 384.
398 2155 522 2213 (487)
545 2156 675 2213 ’(507)
706 2156 803 2199 519.
836 2156 932 2199 557.
962 2156 1059 2198 567.
1089 2155 1186 2198 572.
1218 2155 1314 2197 648.
1375 2153 1495 2206 Quin
1532 2155 1661 2196 etiam

1 2223 6 2236 ‘
136 2237 233 2265 cum
262 2223 593 2281 pronominibus
624 2226 813 2278 quisquis
843 2230 886 2266 et
905 2225 1161 2278 quicumque
1189 2222 1491 2265 coniunctivus
1512 2236 1661 2264 secun-

135 2281 217 2333 dae
246 2305 456 2349 personae
485 2293 776 2348 coniungitur,
807 2306 850 2334 V.
872 2292 898 2333 9
926 2291 1132 2345 quidquid
1151 2291 1300 2345 possis,
1331 2290 1414 2332 512
1441 2291 1658 2343 quodcum-

137 2373 215 2413 que
236 2360 345 2412 celes,
365 2359 450 2402 581
466 2361 673 2414 quidquid
693 2361 866 2414 auferas
873 2376 887 2412 ,·
917 2374 960 2401 v.
977 2359 1052 2402 551
1083 2364 1275 2415 praestat
1297 2357 1524 2400 emendare
1544 2359 1659 2411 quid—

132 2427 240 2481 quid
260 2427 488 2483 possideas*
511 2423 577 2484 (F
583 2429 825 2483 possidetis)
857 2442 986 2484 quam
1007 2427 1207 2481 possides.
1263 2425 1466 2468 Ceterum
1495 2424 1658 2466 indica-

135 2494 277 2538 tivum
305 2510 349 2537 v.
379 2495 464 2538 509
494 2497 701 2550 quidquid
728 2497 895 2539 conaris
924 2495 1133 2537 intactum
1163 2493 1429 2550 reliquimus.

250 2562 343 2606 Sed
367 2563 455 2605 iam
484 2565 590 2607 satis
623 2578 837 2621 superque
867 2562 1052 2620 praefati
1083 2576 1244 2604 sumus.
1290 2557 1430 2603 'Aliae
1460 2559 1658 2601 emenda·

91 2660 96 2664 -
135 2630 272 2674 tiones
301 2637 377 2674 aut
405 2646 492 2674 non
520 2630 721 2687 indigent
751 2630 1028 2683 defensiones
1045 2636 1120 2671 aut
1141 2628 1195 2670 de
1216 2626 1474 2670 emendandi
1493 2627 1658 2669 ratione

135 2698 331 2742 breviter
360 2699 526 2742 dictum
557 2706 622 2742 est
651 2700 698 2742 in
725 2698 1004 2741 adnotatione
1033 2697 1199 2739 critica.

226 2813 264 2860 ⁴¹)
289 2816 346 2849 cf.
371 2815 518 2861 yratum
541 2812 640 2857 facio
664 2822 744 2847 cum
769 2823 844 2855 seq.
870 2812 1080 2847 indicativo.
