1956 3308
537 935 750 991 Publilii
794 935 905 1009 Syri
948 938 1246 995 sententiae.

245 1076 452 1120 Alienum
483 1084 549 1120 est
579 1094 718 1135 omne,
751 1081 958 1138 quicquid
990 1083 1179 1140 optando
1210 1085 1368 1127 evenit.

244 1145 317 1188 Ab
347 1145 432 1189 alio
464 1153 682 1204 expectes,
712 1147 840 1191 alteri
870 1149 986 1207 quod
1016 1150 1187 1193 feceris.

244 1213 431 1257 Animus
463 1215 607 1257 vereri
636 1216 712 1272 qui
741 1217 838 1270 scit,
870 1218 953 1260 scit
983 1225 1076 1261 tuta
1105 1219 1293 1276 ingredi.

247 1280 432 1323 Auxilia
460 1281 642 1324 humilia
669 1282 795 1325 firma
825 1299 1060 1328 consensus
1091 1285 1212 1328 facit.

190 1352 214 1389 5
244 1348 381 1391 Amor
410 1349 545 1392 adimi
574 1350 756 1393 arbitrio
787 1353 987 1407 sumitur,
1018 1368 1105 1396 non
1133 1355 1320 1412 ponitur.

244 1416 337 1458 Aut
365 1423 482 1460 amat
511 1425 587 1460 aut
616 1418 708 1461 odit
738 1418 906 1474 mulier,
937 1420 1000 1462 nil
1031 1428 1097 1463 est
1126 1423 1299 1464 tertium

0 1534 1 1585 ἶ
42 1552 45 1557 ‘
111 1551 310 1596 *comens
342 1570 372 1595 v.
398 1558 554 1596 1—34:
586 1559 887 1608 PRBFVOEC)

248 1636 269 1673 1
302 1636 438 1674 Seneca
467 1638 614 1686 epistul.
647 1639 693 1685 8,
716 1639 760 1677 8:
801 1638 989 1688 ‘quantum
1025 1641 1343 1678 disertissimorum
1371 1654 1540 1679 versuum
1567 1644 1662 1680 iuter

133 1693 264 1730 mimos
291 1693 400 1730 iacet!
442 1705 547 1743 quam
583 1695 695 1732 multa
725 1695 866 1732 Publilii
895 1707 968 1732 non
996 1697 1227 1744 excalceatis,
1263 1698 1327 1734 sed
1356 1699 1581 1736 cothurnatis
1608 1700 1661 1736 ‹ti-

133 1748 247 1786 cenda
276 1750 378 1786 sunt!
410 1750 525 1787 Unum
554 1762 696 1788 versum
717 1752 813 1798 eius,
845 1753 905 1800 qui
925 1752 968 1788 ad
988 1753 1253 1802 philosophiam
1272 1755 1431 1803 pertinet
1450 1760 1487 1791 et
1507 1755 1550 1791 ad
1571 1756 1660 1792 hanc

130 1809 285 1853 partem,
306 1817 398 1854 quae
420 1807 527 1844 modo
550 1807 618 1844 suit
637 1809 673 1844 in
695 1807 871 1855 manibus,
892 1808 1058 1856 reseram,
1080 1821 1152 1858 quo
1174 1815 1283 1859 negat
1305 1810 1454 1847 fortuita
1474 1812 1510 1847 in
1531 1816 1657 1849 nostro

132 1860 316 1903 habenda:
349 1863 505 1900 alienum
526 1864 614 1901 etc.'
737 1860 862 1915 omne]
885 1865 1030 1902 homine
1051 1866 1198 1907 Bothe.-
1226 1878 1296 1903 om.
1332 1867 1400 1913 VC,
1429 1868 1554 1905 codem
1574 1868 1659 1904 Am-

99 1933 107 1936 ·
129 1919 339 1965 plonianus
360 1919 545 1966 Senecae,
581 1921 801 1958 Vincentius
822 1921 1114 1959 Bellovacensis
1133 1933 1238 1969 spec.
1261 1924 1382 1960 doctr.
1406 1923 1443 1969 5,
1469 1922 1520 1960 76

45 1978 48 1980 ’
123 1975 230 2011 venit
259 1974 297 2021 C,
339 1976 559 2014 Vincentius
593 1979 702 2014 codd.
738 1979 951 2015 deteriores
981 1978 1153 2015 Senecae
1291 1979 1314 2015 2
1346 1979 1481 2016 Seneca
1508 1980 1655 2028 epistul.

135 2028 208 2076 94,
239 2029 312 2068 43:
358 2031 454 2080 ‘quis
489 2038 608 2069 autem
643 2034 828 2081 negaverit
866 2033 964 2070 feriri
994 2033 1205 2083 quibusdam
1241 2036 1441 2084 praeceptis
1469 2034 1662 2072 efficaciter

133 2087 238 2123 etiam
265 2087 553 2136 inpertissimos?
592 2089 692 2126 velut
719 2090 774 2125 his
802 2088 1020 2126 brevissimis
1052 2090 1219 2137 vocibus,
1253 2091 1316 2127 sed
1347 2091 1498 2127 multum
1527 2090 1659 2128 haben-

134 2140 230 2179 tibus
256 2143 447 2192 ponderis:
477 2144 520 2181 ab
549 2145 619 2182 alio
647 2145 734 2182 etc.'
793 2146 971 2183 Lactant.
1002 2148 1118 2190 instit.
1149 2147 1211 2183 lib.
1233 2147 1266 2184 1.
1298 2158 1359 2193 cp.
1393 2147 1464 2194 16,
1489 2147 1541 2185 10
1571 2146 1660 2184 ‘non

132 2197 278 2247 illepide
297 2199 432 2237 Seneca
459 2201 497 2237 in
525 2200 624 2237 libris
654 2201 798 2238 moralis
827 2202 1078 2250 philosophiae
1101 2231 1109 2238 .
1135 2231 1142 2238 .
1169 2231 1176 2238 .
1201 2231 1209 2239 .
1231 2202 1274 2239 ab
1296 2203 1364 2240 alio
1386 2201 1474 2240 etc.'
1494 2219 1550 2234 =
1571 2202 1660 2241 Sen.

3 2238 5 2240 .
36 2225 38 2227 ι
66 2271 69 2273 Α
130 2254 277 2304 fream.
302 2256 404 2303 119,
427 2259 485 2294 ed.
509 2257 634 2294 Hans.
691 2258 901 2306 Inscriptio
928 2261 966 2295 in
989 2259 1147 2296 Gruteri
1177 2259 1360 2296 thesauro
1382 2271 1425 2307 p.
1449 2258 1530 2297 928
1551 2271 1590 2296 n.
1613 2259 1658 2297 9.-

46 2308 53 2312 ’
132 2311 204 2348 ΑΒ
221 2312 364 2349 -ALIO
376 2331 384 2339 ·
397 2313 604 2351 SPERES
619 2332 628 2340 ·
642 2315 849 2352 ALTERO
861 2334 869 2343 ·
882 2314 913 2358 Q
928 2314 1027 2351 VOD
1038 2333 1047 2342 ·
1059 2315 1300 2352 FECERIS.
1368 2315 1426 2363 Cf.
1461 2315 1658 2362 Lamprid.

36 2386 49 2398 ι
96 2383 104 2390 =
133 2369 246 2406 Alex.
270 2368 404 2406 Sever.
427 2369 480 2407 51
512 2368 626 2407 ‘visne
655 2371 725 2407 hoc
751 2371 788 2408 in
816 2382 904 2420 agro
927 2376 990 2408 tuo
1013 2370 1111 2417 fieri,
1141 2371 1240 2420 quod
1261 2371 1364 2408 alteri
1385 2371 1471 2408 sacis
1481 2372 1512 2408 ‘2’
1546 2371 1659 2408 Caec.

39 2435 50 2475 J
134 2425 248 2462 Balb.
278 2425 434 2463 Monac.
459 2425 503 2472 1,
526 2426 600 2474 29,
625 2439 691 2475 pq.
715 2427 789 2474 20,
830 2428 934 2465 Vinc.
964 2427 1110 2465 Bellon.
1141 2438 1246 2475 spec.
1276 2429 1399 2465 doctr.
1420 2427 1469 2474 4,
1491 2427 1556 2465 67.
1583 2427 1661 2465 132

19 2480 26 2505 ί
51 2491 56 2500 ²
151 2494 154 2495 ⁷
247 2481 272 2519 3
304 2483 365 2531 qui
392 2483 462 2519 scit
496 2484 612 2520 vereri
654 2484 683 2520 V
804 2488 882 2520 tuta
910 2484 1061 2521 PRFV
1080 2484 1223 2521 Gruter
1251 2495 1304 2521 ex
1327 2485 1541 2521 codicibus.-
1581 2488 1661 2520 tuto

18 2518 23 2530 ’
125 2538 192 2575 ‘Pa
214 2548 318 2575 corr.
342 2549 422 2576 rec.
446 2551 493 2575 m.
518 2539 555 2575 B
574 2550 696 2587 supra
718 2550 795 2577 scr.
819 2550 896 2577 sec.
920 2553 968 2576 m.
990 2541 1072 2578 cod.
1096 2541 1318 2586 Ber-nensis,
1344 2541 1411 2584 alii
1430 2541 1537 2577 codd.
1563 2540 1659 2577 Gru-

135 2596 228 2640 tert’,
249 2595 462 2636 Erasmus;
492 2600 592 2632 tutus
617 2596 660 2642 C,
683 2601 765 2644 apta
787 2596 823 2632 B
937 2595 1087 2646 aggredi
1109 2597 1299 2633 Erasmus
1321 2601 1357 2633 et
1378 2597 1486 2633 codd.
1509 2596 1661 2643 quidam

137 2649 295 2688 Gruteri
425 2650 450 2688 4
482 2652 634 2689 humana
666 2653 697 2689 V
827 2652 928 2689 firma
957 2655 1083 2690 erasis
1112 2653 1250 2690 litteris
1277 2653 1312 2689 in
1347 2653 1399 2698 B,
1435 2653 1534 2689 unde
1563 2662 1661 2689 com-

134 2708 340 2746 mendatur
359 2710 583 2746 coniectura
610 2709 756 2757 Tunuq.
779 2709 903 2746 Fabri
922 2709 1062 2746 Auxilia
1083 2707 1220 2745 infirma
1243 2707 1364 2754 flrma;
1395 2707 1520 2744 firmus
1553 2707 1582 2743 V

136 2773 336 2802 consensus
362 2765 422 2802 Pa
451 2777 572 2814 marq.
604 2776 685 2802 rec.
714 2778 762 2802 m.
792 2766 868 2802 RF
878 2765 992 2802 VEC:
1029 2776 1222 2802 consessus
1250 2765 1324 2810 Pb,
1355 2763 1544 2801 consessus
1564 2763 1664 2800 PaB

134 2822 138 2826 ”
249 2819 275 2859 5
305 2821 422 2858 Animi
441 2821 590 2859 arbitrio
610 2832 711 2858 amor
730 2822 913 2858 Pithoeus
1011 2832 1067 2858 an.
1091 2821 1152 2869 qui
1172 2819 1246 2857 arb.
1282 2820 1312 2857 V
1404 2819 1428 2857 6
1460 2819 1527 2856 Ec
1557 2819 1661 2856 Vinc.

143 2875 282 2914 Bellon.
310 2888 415 2926 spec.
445 2879 573 2916 doctr.
600 2877 646 2926 5,
672 2878 735 2915 10.
765 2888 823 2925 sp.
855 2882 934 2914 nat.
966 2877 1042 2923 31,
1075 2877 1153 2913 115
1276 2871 1299 2896 *
1319 2876 1387 2912 nil:
1419 2874 1507 2913 nihii
1535 2875 1585 2920 L,
1608 2875 1662 2924 cf.

132 2942 199 2980 pq.
223 2931 276 2971 56
391 2935 538 2981 testium
558 2935 603 2981 F,
626 2939 765 2971 certum
798 2934 827 2971 V

205 3001 373 3030 Panum
391 3003 499 3030 snus.
585 2995 595 3001 ”
1369 2998 1390 3031 ὑ
