1956 3308
347 214 400 253 98
758 224 959 254 rumam
992 224 1093 255 svm
1128 206 1461 255 senmmrmnss·

457 322 558 364 Plus
590 330 653 365 est
683 338 807 380 quam
838 337 974 379 poena
1005 324 1187 365 iniuriae
1217 323 1505 365 succumbere.

456 390 538 430 Pro
567 389 780 431 medicina
810 396 875 430 est
904 388 1038 442 dolor,
1070 389 1257 430 dolorem
1289 390 1361 445 qui
1391 398 1528 432 necat.

455 456 630 497 Patiens
662 463 703 497 ct
733 456 855 497 fortis
885 470 930 496 se
959 457 1099 512 ipsum
1130 455 1296 497 felicem
1326 455 1443 498 facit.

346 526 425 563 465
458 522 708 577 Prospieere
738 523 781 562 in
812 536 916 578 pace
947 529 1126 578 oportet,
1157 522 1269 578 quod
1302 521 1458 564 bellum
1488 524 1619 566 iuvet.

455 589 613 629 Parcns
644 588 776 628 iratus
807 588 851 628 in
883 603 928 629 se
959 595 1023 630 est
1052 587 1386 631 crudelissimus.

452 653 597 695 Perdit
628 669 711 695 non
742 654 885 708 donat,
916 655 984 696 eui
1015 655 1144 696 donat
1173 656 1256 696 nisi
1287 662 1351 697 est
1380 670 1552 698 memor.

453 721 582 762 Probi
612 719 767 762 delicta
797 735 892 762 eum
921 720 1138 776 neglegas,
1170 721 1285 776 leges
1315 726 1443 764 teras.

455 786 558 826 Pars
591 786 769 827 benefici
801 794 879 841 est,
911 787 1025 844 quod
1054 788 1213 843 petitur
1243 790 1279 830 si
1309 787 1420 829 belle
1449 802 1594 844 neges.

342 857 424 893 470
454 853 685 908 Properare
716 854 759 893 in
790 853 1020 896 iudicando
1051 860 1116 895 est
1145 854 1305 895 crimen
1335 869 1550 911 quaerere.

459 918 610 974 Populi
642 925 706 960 est
735 921 1007 976 mancipium,
1040 921 1232 976 quisquis
1263 923 1427 977 patriae
1458 928 1521 963 est
1552 922 1682 964 utilis.

453 984 535 1025 Per
565 1000 673 1040 quae
703 987 762 1027 sis
792 992 924 1040 tutus,
956 986 1226 1043 illa>semper
1255 988 1431 1042 cogites.

453 1051 685 1106 Perfugerc
714 1052 769 1092 ad
799 1053 1059 1106 inferiorem,
1093 1068 1139 1094 se
1167 1054 1308 1110 ipsum
1340 1061 1404 1096 est
1433 1054 1614 1096 tradere.

453 1117 680 1159 Peccatum
710 1119 837 1159 amici
867 1119 1003 1161 veluti
1033 1127 1153 1162 tuum
1183 1126 1299 1162 recte
1328 1126 1465 1176 putes.

341 1187 421 1224 475
454 1183 609 1225 Potens
640 1185 882 1227 misericors
912 1185 1085 1242 publiea
1115 1193 1180 1228 est
1210 1186 1406 1228 felicitas.

451 1251 657 1292 Praesens
689 1258 754 1292 est
783 1266 966 1309 semper,
997 1253 1151 1294 absens
1182 1253 1254 1309 qui
1285 1269 1330 1295 se
1359 1253 1593 1295 ulciscitur.

452 1317 659 1359 Perfacile
689 1318 795 1359 felix
825 1318 937 1375 quod
973 1326 1071 1360 vota
1105 1320 1316 1376 imperant
1345 1320 1462 1361 facit.

452 1383 636 1427 Poenam
666 1391 856 1427 moratur
884 1385 1117 1442 improbus,
1148 1400 1234 1427 non
1263 1387 1481 1442 praeterit.

450 1449 698 1491 Perdidisse
730 1450 937 1508 [honeste]
970 1451 1156 1504 mallem,
1189 1467 1316 1508 quam
1348 1454 1567 1509 accepisse
1597 1453 1793 1510 turpiter.

339 1619 513 1646 comens
535 1622 566 1645 v.
589 1609 828 1648 450—7500:
858 1612 896 1648 F
913 1611 974 1658 (T)

339 1687 376 1732 9,
399 1686 435 1722 4.
478 1687 593 1724 Poena
613 1687 655 1723 ad
677 1699 720 1724 m.
743 1699 824 1724 sero
845 1689 949 1736 pede,
971 1695 1007 1725 at
1027 1696 1127 1726 certo
1150 1690 1247 1726 venit
1267 1690 1424 1736 Maehly
1550 1689 1631 1727 463
1661 1696 1716 1727 est
1736 1691 1840 1727 dolor

340 1742 509 1789 Inyolst.:
529 1743 563 1778 d.
587 1749 643 1779 est
662 1744 698 1779 F
807 1743 967 1780 dolorem
989 1746 1048 1792 qui
1071 1746 1231 1782 Gruter.-
1261 1747 1320 1793 qui
1341 1745 1500 1782 dolorem
1522 1746 1574 1786 F,·
1605 1751 1659 1782 est
1679 1746 1838 1782 dolorem

338 1798 396 1844 qui
419 1797 523 1834 dolor
545 1805 667 1834 enecat
689 1799 811 1835 Bothe
925 1799 1005 1837 464
1036 1802 1093 1836 An
1115 1801 1256 1848 sapiens
1277 1806 1313 1836 et
1341 1801 1468 1837 sortis?
1502 1800 1577 1837 Cic.
1604 1802 1714 1838 Tusc.
1738 1802 1776 1848 3,
1800 1802 1838 1848 7,

340 1852 401 1887 14.
426 1854 523 1889 Hor.
546 1853 625 1890 Sal.
651 1854 695 1900 2,
722 1855 758 1901 1,
783 1855 845 1891 16.
870 1855 978 1892 (laec.
1002 1856 1114 1892 Balb.
1138 1856 1289 1892 Monac.
1314 1856 1352 1902 2,
1375 1856 1411 1892 2.
1431 1868 1495 1904 219·
1520 1856 1572 1893 20
1692 1856 1772 1893 465
1802 1858 1837 1893 in

335 1918 420 1954 pace
442 1920 499 1956 op.
525 1910 684 1946 Gruter:
715 1921 773 1957 op.
795 1911 830 1946 in
851 1922 886 1958 p.
909 1912 946 1946 F
1055 1908 1169 1960 quod]
1193 1911 1276 1959 quid
1301 1913 1484 1952 editores,·
1513 1911 1566 1958 cf.
1588 1923 1650 1960 pq.
1673 1911 1724 1948 54

336 1962 397 1999 Ad
415 1967 640 2001 sententiam
661 1965 714 2012 cf.
739 1965 791 2001 ‘Si
815 1967 864 2001 vis
885 1977 1019 2014 pacem,
1040 1978 1122 2014 para
1142 1966 1304 2002 bellum?
1418 1966 1497 2004 467
1529 1968 1585 2003 cui
1605 1968 1747 2003 Bothe.-
1778 1968 1837 2015 qui

334 2019 380 2064 F,
411 2021 495 2066 quoi
518 2021 750 2057 Ribbeckius
861 2021 971 2057 donat
1001 2023 1161 2059 Gruter.-
1190 2021 1249 2058 dat
1269 2023 1306 2058 F
1415 2033 1550 2058 memor
1569 2021 1740 2070 Inqolst..·
1767 2033 1838 2058 me-

336 2075 442 2109 moria
474 2076 518 2111 F.
579 2075 719 2123 Perdis,
756 2087 828 2112 non
863 2076 993 2123 donas,
1031 2078 1096 2113 nisi
1132 2078 1178 2113 sit
1206 2078 1262 2114 cui
1294 2077 1404 2114 donas
1442 2088 1575 2114 memor
1603 2077 1727 2114 Bothe

334 2129 414 2165 468
446 2130 547 2177 probi
569 2132 739 2179 Inyolst..·
760 2131 870 2179 probe
893 2133 929 2167 F
1037 2131 1060 2154 '¹‘
1081 2144 1159 2169 cum
1181 2132 1366 2181 neglegas,
1387 2133 1485 2181 leges
1506 2138 1619 2169 teras:
1639 2144 1718 2169 cum
1739 2133 1836 2181 legas

334 2184 473 2220 deteras
495 2187 540 2232 F,
570 2186 721 2223 iudicum
750 2187 850 2235 leges
881 2193 999 2223 terunt
1030 2189 1153 2236 vulqo,
1185 2200 1234 2224 an
1256 2187 1357 2236 probi
1377 2188 1505 2224 delicto
1525 2189 1716 2236 ignoscens
1736 2187 1835 2236 leges

335 2239 496 2276 deteras?
534 2242 739 2278 dissolvitur
774 2244 938 2290 protinus
973 2243 1049 2289 lex,
1084 2254 1163 2279 cum
1199 2243 1306 2280 fuerit
1334 2244 1534 2279 misericors
1562 2243 1665 2279 iudex
1698 2243 1731 2280 T

333 2295 413 2331 469
446 2297 588 2333 Gellius
611 2298 681 2343 17,
707 2297 777 2344 14,
808 2298 981 2337 Macrob.
1012 2299 1093 2335 Sat.
1118 2299 1162 2345 2,
1185 2299 1223 2345 7,
1252 2298 1335 2335 Ioa.
1366 2299 1520 2335 Saresb.
1549 2299 1688 2336 Polior.
1712 2298 1758 2344 8,
1783 2297 1832 2334 14

445 2350 593 2388 benefici
619 2353 829 2390 Bentleius:
859 2353 1018 2390 beneficii
1041 2355 1077 2390 F
1198 2348 1307 2405 belle]
1331 2353 1423 2390 bene
1444 2355 1644 2400 Erasmus,
1665 2355 1735 2391 cito
1751 2354 1834 2391 Ma·

334 2407 507 2449 crobius‚·
538 2410 605 2444 sed
632 2409 686 2456 cf.
713 2421 775 2457 pq.
796 2408 862 2445 56.
922 2408 1000 2445 Non
1029 2409 1106 2445 leve
1138 2408 1346 2446 beneficium
1375 2415 1552 2457 praestet,
1580 2410 1640 2457 qui
1668 2409 1712 2446 de
1738 2408 1835 2445 brevi

334 2463 513 2499 renuntiat
539 2464 571 2499 T
694 2464 776 2501 470
806 2470 861 2500 est
882 2465 1013 2500 crimen
1033 2465 1206 2513 Inynlst.:
1235 2476 1284 2501 cr.
1307 2470 1362 2502 est
1382 2466 1419 2502 F
1534 2464 1615 2502 474
1646 2463 1703 2512 Os.
1726 2476 1758 2500 v.
1784 2464 1836 2500 10

447 2518 555 2555 veluti
575 2520 746 2567 Inyolst..·
766 2520 862 2556 velut
883 2521 919 2556 F
1041 2520 1122 2561 475
1153 2521 1212 2568 Cf.
1234 2533 1266 2557 v.
1287 2520 1367 2557 467
1492 2519 1572 2558 476
1603 2519 1661 2567 Cf.
1683 2531 1716 2557 v.
1739 2518 1831 2556 552.

336 2573 414 2609 ⁴373
544 2572 567 2596 *
588 2574 714 2611 absens
736 2577 796 2623 qui
817 2587 874 2612 se:
906 2577 964 2623 qui
987 2575 1112 2612 absens
1134 2577 1187 2623 F,
1217 2576 1276 2624 qui
1297 2575 1421 2612 absens
1442 2577 1545 2612 etiam
1568 2575 1707 2612 Gruter

332 2628 411 2664 477
445 2624 540 2679 vota]
573 2630 642 2666 sata
671 2633 767 2668 coni.
799 2631 954 2679 Inyolst.
1096 2633 1285 2680 impetrant
1314 2632 1475 2672 Gruter,-
1507 2642 1541 2678 p.
1573 2631 1597 2666 f.
1627 2628 1722 2678 quod
1750 2628 1831 2665 facit

333 2685 497 2731 impetrat
519 2677 641 2722 Bothe
761 2686 842 2723 478
874 2691 1032 2722 moratur
1053 2688 1226 2735 Inyolsta
1248 2692 1326 2723 orat
1346 2687 1383 2723 F
1489 2685 1570 2722 479
1599 2679 1623 2704 *
1643 2682 1830 2733 [honeste]

333 2741 378 2774 cl.
411 2753 440 2776 v.
464 2741 560 2778 207:
593 2754 661 2778 om.
687 2743 723 2778 F
850 2738 873 2764 ’¹‘
894 2743 1088 2802 accepisse.
1119 2744 1277 2810 accipere
1297 2742 1343 2778 F.
1403 2740 1462 2789 Cf.
1483 2741 1637 2777 Hesiod.
1660 2739 1728 2787 Op.
1751 2740 1831 2776 352

331 2789 383 2842 μή
413 2808 515 2831 κακα
549 2794 790 2844 κερδαίιειν·
829 2790 934 2833 nanc}
961 2793 1096 2846 κέρδεα
1125 2791 1178 2834 ἷσ’
1207 2789 1358 2849 ἄτῃσιν.
1416 2796 1527 2833 Caec.
1553 2796 1658 2832 Bazb.
1679 2795 1830 2832 Monac.

339 2852 370 2895 1,
393 2851 512 2899 3-119-
542 2853 588 2887 18
611 2851 778 2889 ‘Lucrum
801 2859 904 2901 turpe
926 2859 964 2889 ut
985 2853 1206 2901 dispendium
1228 2851 1358 2900 rugiio’
