1956 3308
372 182 452 223 130
884 199 1170 232 snum-mun
1200 203 1344 237 maso
1388 181 1397 186 “

479 294 628 337 Omnis
665 297 737 352 qui
774 298 936 341 amicus
975 307 1038 342 est
1074 309 1212 356 amat,
1250 304 1326 346 sed
1363 320 1447 349 non
1481 309 1618 351 omnis
1649 311 1722 367 qui
1749 319 1865 356 amat

1161 371 1322 412 amicus
1355 379 1433 415 est.

477 427 677 469 Omnium
709 436 772 471 est
803 433 1037 474 communis
1066 434 1243 490 amicus,
1274 438 1347 493 qui
1376 438 1509 483 hostis
1540 449 1605 486 est
1634 459 1818 488 suorum.

367 495 445 533 275
477 493 651 536 Oriente
682 495 771 537 sole
800 498 1038 553 consilium,
1070 500 1291 544 occidente
1321 506 1578 550 convivium.

475 560 628 601 Pacem
659 575 754 603 cum
784 562 1026 608 hominibus
1057 563 1251 623 habebis,
1282 569 1440 613 bellum
1470 588 1564 616 eum
1595 577 1728 619 vitiis.

473 625 738 669 Parcendum
783 636 846 672 est
890 631 1181 688 improbandis
1219 636 1409 692 civibus,
1453 655 1537 683 non
1573 642 1700 685 aliter
1735 659 1860 701 quam

1157 702 1359 746 membris
1389 703 1706 762 languentibus.

469 758 627 801 Parere
657 762 767 803 seire
796 777 873 819 par
902 764 1081 821 imperio
1111 766 1248 822 gloria
1278 777 1354 813 est.

468 826 607 868 Parvo
637 827 771 870 fames
802 837 981 885 constat,
1012 846 1167 888 magno
1197 834 1433 881 fastidium.

359 895 439 933 280
467 891 564 933 Pati
595 907 767 936 neeesse
798 902 861 937 est
891 897 1025 939 multa
1054 899 1277 943 mortalem
1306 905 1429 948 mala.

467 958 611 1000 Patria
642 967 718 1014 est,
750 961 1006 1019 ubicumque
1036 965 1144 1008 bene
1174 968 1350 1011 vixeris.

465 1024 678 1067 Peccandi
709 1029 1010 1071 verecundiam
1040 1032 1145 1074 facit
1175 1035 1268 1091 ipsa
1297 1036 1521 1082 clementia
1549 1043 1751 1098 regentis.

465 1090 650 1133 Peeeare
679 1093 792 1135 nolle
820 1096 1058 1153 triumphus
1088 1099 1356 1145 innocentiae
1386 1112 1463 1148 est.

465 1157 621 1200 Peeeat
650 1160 863 1216 voluntas,
896 1164 976 1205 etsi
1005 1164 1169 1207 nullum
1199 1169 1359 1212 crimen
1389 1179 1466 1215 est.

357 1226 436 1263 285
467 1223 681 1267 Pecuniae
710 1227 933 1284 imperare,
964 1245 1048 1273 non
1079 1234 1240 1276 servire
1270 1239 1482 1282 convenit.

461 1290 649 1333 Pecunia
680 1308 766 1336 non
796 1295 924 1338 satiat
951 1310 1143 1354 avarum,
1175 1301 1251 1343 sed
1279 1304 1434 1347 irritat.

461 1357 687 1401 Perdenda
716 1368 815 1403 sunt
844 1362 992 1419 multa,
1023 1371 1071 1407 ut
1101 1367 1231 1409 semel
1260 1384 1394 1426 ponas
1424 1372 1547 1416 bene.

459 1424 577 1467 Perit
607 1426 821 1484 voluptas,
853 1430 991 1473 virtus
1022 1432 1273 1478 immortalis
1304 1444 1382 1480 est.

458 1490 670 1534 Pestifera
699 1495 766 1536 vis
796 1495 941 1538 valere
969 1498 1025 1539 ad
1054 1501 1309 1545 nocendum.

347 1559 428 1597 290
457 1557 611 1614 Pipere
642 1561 714 1616 qui
743 1561 948 1618 abundat,
979 1564 1164 1608 oleribus
1194 1570 1346 1612 miscet
1374 1572 1509 1629 piper.

454 1623 688 1682 Plerosque
723 1627 944 1671 hominum
984 1632 1030 1673 in
1060 1632 1258 1677 domibus
1293 1639 1584 1695 saevissimos,
1623 1642 1668 1683 in
1695 1643 1846 1687 alienis

1140 1700 1400 1746 humillimos
1430 1720 1591 1750 servos.

455 1756 714 1816 Plerumque
744 1761 928 1804 similem
958 1764 1078 1807 ducit
1105 1766 1161 1807 ad
1191 1769 1374 1811 similem
1404 1771 1522 1815 deus.

454 1823 634 1867 Plurimi
664 1834 766 1883 quot
795 1843 958 1885 servos,
989 1831 1168 1874 totidem
1195 1833 1339 1878 hostes
1369 1837 1541 1882 habent.

454 1891 691 1935 Plurimum
722 1895 795 1950 qui
825 1897 898 1950 sis,
929 1912 1014 1940 non
1045 1900 1118 1955 qui
1146 1899 1358 1957 habearis,
1388 1904 1580 1950 interest.

342 1960 421 1998 295
453 1957 593 2001 Pluris
625 1960 817 2004 docentis
848 1964 940 2006 vita
970 1979 1095 2021 quam
1125 1970 1350 2012 sententia.

453 2107 531 2146 273
563 2110 605 2154 Q.
630 2111 712 2147 Sen.
737 2113 841 2160 epist.
864 2113 930 2161 35,
954 2115 974 2150 1
1117 2116 1196 2154 274
1227 2118 1268 2163 Q.
1291 2118 1388 2156 Caec.
1409 2120 1502 2159 Balb.
1522 2122 1599 2159 Par.
1621 2124 1667 2172 2,
1686 2137 1747 2175 pg.
1770 2126 1836 2175 37,

337 2161 406 2198 Cic.
434 2163 532 2199 Verr.
557 2166 593 2212 1,
618 2167 682 2213 15,
705 2167 756 2204 38
845 2168 923 2206 275
956 2170 997 2214 Q.
1020 2170 1117 2208 Caec.
1138 2172 1232 2209 Balb.
1253 2173 1330 2210 Par.
1351 2175 1419 2223 40,
1440 2188 1500 2226 pg.
1517 2177 1568 2214 41
1656 2179 1734 2218 276
1763 2182 1833 2220 Ρη.

336 2217 382 2253 ne
404 2229 493 2255 mor.
516 2220 569 2257 34
590 2222 672 2258 coll.
695 2222 776 2259 Seu.
802 2225 907 2272 epist.
931 2225 997 2272 87,
1020 2227 1042 2262 9
1186 2228 1264 2267 277
1297 2230 1361 2267 Go.
1384 2231 1463 2268 Sen.
1486 2233 1529 2270 de
1550 2233 1651 2271 clem.
1676 2236 1720 2283 1,
1742 2235 1788 2283 5,
1812 2237 1831 2273 1

419 2274 498 2311 278
529 2276 593 2312 Ps.
617 2276 717 2314 Caec.
738 2278 833 2315 Balb.
857 2279 948 2316 Mon.
973 2281 1036 2328 18,
1056 2294 1118 2331 pg.
1143 2282 1194 2321 26
1292 2285 1371 2323 279
1403 2287 1472 2325 Βο.
1494 2288 1572 2325 Sen.
1593 2291 1696 2339 epist.
1721 2291 1787 2339 17,
1807 2292 1832 2328 4

455 2329 536 2367 280
566 2331 629 2369 Ps.
751 2334 827 2371 281
863 2335 928 2372 Go.
950 2336 997 2372 De
1018 2348 1108 2374 mor.
1127 2338 1180 2376 43
1309 2341 1388 2379 282
1420 2343 1483 2380 Go.
1506 2344 1585 2382 Sen.
1606 2345 1650 2382 de
1670 2346 1771 2385 clem.
1795 2348 1833 2394 1,

337 2383 402 2430 22,
426 2385 449 2421 3
538 2386 616 2424 283
650 2389 704 2425 Gr
725 2390 760 2426 2.
782 2389 882 2427 Caec.
904 2391 998 2427 Balh.
1022 2392 1114 2430 Mon.
1137 2395 1174 2441 6,
1195 2406 1254 2443 pg.
1272 2395 1321 2433 21
1411 2398 1490 2436 284
1521 2400 1565 2436 F.
1653 2400 1732 2439 285
1761 2402 1829 2448 Ρη,

333 2441 376 2475 F.
401 2441 451 2476 Cs.
476 2453 583 2490 supra
604 2455 663 2492 pg.
688 2444 753 2491 96,
775 2445 828 2483 46
943 2447 1022 2485 286
1053 2448 1088 2485 R
1109 2455 1144 2486 et
1164 2451 1230 2486 iam
1251 2451 1322 2488 Ps:
1351 2453 1516 2492 Avarum
1537 2458 1558 2492 ι’.
1581 2467 1655 2493 non
1674 2467 1704 2493 s.
1721 2468 1762 2504 p.
1785 2457 1830 2493 ne

332 2507 423 2531 mor.
456 2497 532 2534 101
656 2499 735 2537 287
766 2502 829 2538 Ps.
858 2501 939 2538 Sen.
969 2502 1012 2539 de
1038 2503 1156 2541 benef.
1187 2506 1231 2553 1,
1254 2506 1299 2554 2,
1324 2508 1367 2555 1,
1397 2508 1455 2546 ubi
1484 2510 1660 2558 praeeedit
1688 2522 1828 2548 versus:

337 2550 525 2588 ‘Beneficia
554 2555 587 2589 in
616 2555 745 2604 vulgus
772 2568 852 2593 cum
881 2557 1001 2606 largiri
1028 2560 1263 2609 institueris’,
1292 2574 1395 2611 quem
1416 2570 1452 2601 et
1478 2566 1591 2614 ipsum
1611 2568 1745 2616 recepit
1763 2566 1828 2603 Bo-

334 2606 433 2643 thius
554 2609 633 2647 288
664 2611 707 2648 F.
831 2612 910 2650 289
942 2614 1007 2651 Go.
1031 2615 1111 2652 Sen.
1132 2616 1175 2653 de
1195 2617 1294 2654 clem.
1320 2619 1357 2666 1,
1379 2619 1417 2665 3,
1438 2619 1462 2657 3
1582 2620 1663 2658 290
1692 2621 1760 2659 Bo.
1781 2621 1829 2658 Ex

330 2662 521 2709 proverbio
543 2676 672 2713 graeco
694 2678 749 2716 ap.
774 2667 904 2704 Erasm.
926 2670 1035 2718 Adag.
1057 2671 1097 2718 3,
1118 2672 1157 2718 3,
1178 2672 1230 2710 37
1345 2674 1422 2711 291
1455 2675 1497 2720 Q.
1519 2675 1616 2711 eaeo.
1635 2675 1728 2737 Pam·
1750 2677 1828 2738 ⁹³5·

335 2717 372 2762 7,
395 2730 455 2766 pg.
480 2720 531 2757 38
624 2720 703 2759 292
734 2723 804 2761 Bo.
830 2724 931 2760 Hom.
955 2725 1018 2762 Od.
1044 2727 1107 2773 17,
1129 2727 1207 2764 217
1229 2719 1279 2772 ὥς
1298 2725 1372 2766 αἰεὶ
1390 2721 1459 2765 τὸν
1477 2720 1612 2777 ὁμοῖον
1631 2742 1717 2780 «xyst
1737 2732 1829 2777 θεος

330 2764 383 2816 ὡς
412 2766 480 2809 τὸν
510 2770 647 2823 ὁμοῖον
762 2779 841 2816 293
873 2780 914 2825 Q.
937 2781 1017 2818 Seu.
1048 2783 1152 2831 epist.
1181 2782 1255 2831 47,
1276 2783 1312 2820 5.
1343 2783 1467 2821 Festus
1496 2797 1525 2822 s.
1556 2797 1587 2822 v.
1615 2785 1706 2830 Quot
1735 2789 1827 2825 servi

439 2829 517 2867 294
548 2832 594 2869 F.
615 2832 664 2869 Cl.
687 2844 792 2883 supra
813 2846 875 2883 pg.
902 2837 994 2883 100,
1016 2837 1067 2875 63
1167 2837 1246 2875 295
1275 2838 1322 2876 F.
