1956 3308
352 215 429 255 112
762 224 965 255 PUBLILII
997 225 1098 255 SYRI
1130 224 1431 256 SENTENTIAE.

345 337 431 361 prov.
460 327 506 365 ut
533 337 739 365 sumnmm
769 324 918 365 bonum
949 336 1195 377 occupantia
1225 325 1406 366 serutari
1425 327 1568 378 pectus
1589 325 1714 378 piyet.

468 390 670 431 Virtutem
699 391 817 431 cuius
828 403 1093 443 proyressum
1111 390 1275 443 videris,
1303 403 1355 431 ‘ne
1373 392 1526 432 exitum
1546 392 1632 432 eius
1651 391 1844 444 desperes.

458 455 546 498 Ubi
578 456 666 497 fata
696 462 887 512 peccant,
917 455 1135 497 hominum
1165 453 1346 497 consilia
1381 455 1599 498 excidunt.

349 527 431 564 630
461 522 670 578 Voluptas
702 536 724 561 c
755 519 923 562 difficili
954 521 1054 563 data
1085 520 1333 562 dulcissima
1362 528 1438 563 est.

460 588 546 629 Ubi
577 589 712 630 omnis
743 588 835 628 vita
864 593 1000 629 metus
1032 594 1111 641 est,
1142 602 1256 630 mors
1287 594 1354 629 est
1382 588 1555 644 optima.

456 654 578 696 Unus
609 654 700 695 dies
732 667 911 710 poenam
940 653 1094 708 adfert,
1125 653 1249 695 multi
1280 655 1483 709 cogitant.

460 721 548 762 Ubi
579 726 728 777 peccat
756 725 874 761 aetas
903 720 1053 773 maior,
1084 719 1192 762 male
1222 719 1350 761 discit
1379 722 1527 763 minor.

457 786 545 828 Ubi
576 786 638 827 nil
668 787 855 839 timetur,
887 786 1000 841 quod
1030 787 1230 828 timeatur
1258 788 1461 828 nascitur.

348 859 427 895 635
459 853 558 895 ‘Ubi
589 853 647 895 sis
679 867 774 894 cum
804 854 888 894 tuis
919 859 961 894 et
989 852 1119 905 absis,
1150 839 1333 909 patriam
1362 869 1445 895 non
1477 854 1709 896 desideres.

461 919 621 960 Verum
652 926 730 972 est,
762 918 874 974 quod
904 933 982 976 pro
1013 921 1148 961 salute
1177 919 1226 960 fit
1254 920 1536 962 mendacium.

462 985 735 1041 Ubicumque
765 985 903 1042 pudor
933 992 1011 1038 est,
1043 1000 1209 1042 semper
1238 986 1300 1028 ibi
1330 993 1477 1028 sancta
1507 993 1571 1028 est
1599 986 1721 1028 fides.

461 1050 656 1107 (Utilius
678 1065 782 1092 veru
807 1053 872 1092 est
901 1052 946 1092 in
967 1051 1098 1105 sulco,
1130 1054 1257 1108 quam
1277 1054 1424 1108 gravis
1444 1053 1568 1108 galea
1587 1053 1632 1094 in
1653 1052 1847 1109 proelio.)

458 1118 547 1160 Ubi
578 1118 781 1160 innocens
812 1118 1030 1172 formidat,
1062 1119 1234 1160 damnat
1262 1119 1462 1161 iudicem.

348 1190 429 1227 640
461 1183 673 1226 Voluntas
703 1183 981 1240 impudicum,
1011 1199 1096 1226 non
1126 1200 1278 1242 corpus
1308 1186 1424 1228 facit.

465 1251 628 1292 Virtuti
657 1250 809 1292 melius
840 1266 965 1307 quam
996 1251 1190 1294 fortunae
1220 1252 1420 1294 creditur.

462 1317 653 1359 Verbum
684 1332 806 1360 omne
835 1318 981 1371 refert,
1012 1320 1057 1360 in
1086 1333 1211 1374 quam
1241 1325 1404 1375 partem
1435 1317 1673 1373 intellegas.

462 1385 614 1426 Virum
643 1383 798 1426 bonum
829 1390 996 1438 natura,
1026 1399 1111 1426 non
1140 1384 1243 1428 ordo
1272 1385 1388 1427 facit.

459 1450 549 1492 Ubi
580 1452 722 1507 eoepit
750 1465 913 1507 pauper
942 1451 1122 1492 divitem
1152 1452 1325 1506 imitari,
1354 1453 1479 1508 perit.

350 1523 429 1560 645
460 1518 662 1560 Veterem
692 1516 1094 1559 ferendo‘iniuriam
1125 1518 1282 1560 invites
1311 1533 1482 1561 novam.

346 1710 522 1738 comens
552 1699 716 1736 proverb.
739 1700 846 1737 PRF
864 1699 974 1748 (Ee),
1005 1712 1035 1736 v.
1058 1699 1296 1742 eme—653:
1326 1700 1469 1748 Ffflz)
1853 1688 1862 1691 “
1941 1653 1956 1751 Ξ

1938 1755 1956 1774 -ιι

348 1800 541 1835 evertimus
573 1800 676 1836 Vinc.
803 1798 880 1837 146
910 1801 1010 1848 piget
1029 1799 1096 1836 FC
1122 1800 1225 1839 Vino.
1248 1812 1304 1847 sp.
1327 1802 1362 1837 d.
1385 1801 1430 1847 5,
1454 1801 1524 1838 61:
1554 1802 1654 1849 pegit
1669 1800 1722 1847 P,
1748 1801 1849 1848 piegt
1938 1780 1956 1840 3⁸

344 1855 378 1890 R
497 1854 572 1891 147
604 1866 647 1891 ne
669 1855 757 1892 PR.-
781 1867 853 1892 non
874 1855 921 1902 F,
943 1856 996 1902 cf.
1014 1868 1123 1902 prov.
1147 1855 1223 1892 121
1345 1857 1378 1892 ei
1398 1857 1453 1893 Pb
1582 1855 1757 1904 finemque
1777 1867 1846 1892 om.

344 1912 381 1947 F
492 1909 642 1958 disperis
663 1911 757 1947 PbR
891 1911 972 1948 630
1000 1910 1155 1947 edifficili
1176 1912 1222 1958 F,
1253 1911 1415 1947 voluntas
1444 1922 1484 1947 ex
1506 1911 1540 1948 d.
1563 1911 1668 1947 datur
1688 1910 1848 1946 dulcissi-
1935 1937 1956 1943 γ.

347 1976 402 2001 me
424 1977 452 2000 π
577 1965 651 2003 631
688 1967 755 2002 vita
779 1967 940 2003 Gruter.-
970 1967 1144 2006 vitaefflFw
1256 1972 1373 2003 motus
1394 1979 1422 2002 π
1535 1967 1705 2014 optimum
1726 1966 1848 2002 Bothe

477 2020 556 2058 632
587 2021 640 2068 cf.
665 2034 694 2058 v.
718 2022 796 2059 609
929 2022 1004 2058 dies
1027 2022 1185 2059 Gruter.-
1211 2022 1298 2058 deus
1320 2022 1367 2069 F,
1395 2027 1616 2069 corruptum
1643 2026 1682 2058 ut
1710 2033 1742 2058 v.
1765 2019 1848 2058 480
1935 2029 1942 2064 j

457 2076 559 2112 multi
581 2077 740 2114 Gruter.-
762 2088 864 2125 quam
886 2077 988 2114 multi
1009 2078 1056 2124 F,
1079 2078 1132 2125 cf.
1151 2090 1214 2126 pq.
1243 2078 1298 2115 50
1410 2078 1489 2115 633
1520 2090 1561 2113 π.
1599 2076 1663 2113 Ubi
1682 2080 1848 2118 senectus
1939 2032 1956 2155 ἔ

347 2137 488 2180 peccat,
510 2131 551 2167 ad
576 2143 680 2179 quem
701 2132 835 2181 refugit
855 2133 1048 2180 sapientia?
1070 2134 1104 2170 R
1230 2133 1310 2170 634
1340 2130 1362 2155 '¹²
1383 2133 1433 2170 nil
1454 2134 1615 2170 timetur:
1642 2131 1729 2168 nihil
1750 2137 1776 2168 t.
1802 2131 1844 2178 T,
1945 2150 1956 2183 ,-

345 2193 371 2223 t.
402 2187 486 2224 nibil
508 2187 554 2234 F,
585 2187 637 2235 cf.
668 2199 731 2235 pq.
755 2189 807 2225 56
934 2182 1029 2226 '635
1061 2195 1098 2225 ut
1126 2187 1218 2224 absis
1240 2188 1362 2225 Bothe
1388 2191 1426 2225 in
1455 2190 1580 2226 adnot.
1611 2188 1678 2224 etsi
1704 2198 1735 2223 a.
1757 2187 1846 2224 Rib-
1946 2194 1956 2243 g

345 2243 501 2279 beckius
586 2254 657 2279 non
679 2243 802 2280 Bothe
821 2246 858 2280 in
881 2245 1008 2282 adnot.
1031 2255 1098 2280 om.
1120 2244 1158 2279 F
1252 2243 1331 2281 636
1362 2244 1540 2291 Diphilus
1559 2255 1622 2291 ap.
1646 2242 1846 2280 Slobaeum
1942 2243 1956 2286 ξ

351 2298 416 2344 12,
442 2297 511 2334 12;
542 2289 806 2346 ὑπολαμβάνω
837 2290 878 2334 τὸ
904 2296 1051 2344 ψεῦδος
1078 2294 1140 2334 ἐπὶ
1169 2296 1335 2351 σωτηρίᾳ
1356 2293 1580 2348 Λεγόμενον
1606 2292 1723 2335 οὐδὲν
1742 2308 1847 2345 περι·
1946 2287 1956 2304 i

345 2353 549 2391 ποιεῖσθαι
579 2349 758 2401 δυσχερές
890 2354 929 2391 fit
956 2354 1165 2403 plerumque
1193 2365 1239 2391 m.
1273 2355 1321 2401 T,
1351 2366 1380 2389 v.
1409 2366 1455 2391 m.
1487 2355 1526 2391 rit
1551 2366 1618 2404 pro
1645 2365 1673 2390 s.
1702 2364 1731 2388 π
1940 2305 1956 2413 ξ

346 2409 425 2447 637
458 2414 513 2445 est
544 2407 631 2445 fides
657 2409 828 2457 Inqolsl..·
856 2409 942 2446 fides
962 2410 1015 2451 F;
1043 2421 1078 2446 u.
1099 2422 1136 2457 p.
1157 2409 1204 2446 ibi
1225 2416 1261 2446 et
1281 2410 1305 2446 s.
1326 2420 1356 2445 π
1489 2411 1567 2448 638
1598 2410 1770 2447 Servavit
1789 2419 1847 2446 so·
1947 2421 1956 2457 ς

344 2467 408 2502 lus
432 2477 460 2500 π
573 2461 596 2486 *
618 2475 701 2501 veru
723 2471 797 2501 est:
819 2470 873 2501 est
894 2477 979 2502 vero
999 2477 1028 2501 π
1141 2465 1221 2503 639
1251 2465 1392 2502 damnat
1411 2466 1560 2503 iudicem
1583 2466 1742 2502 Gruter.-
1769 2464 1791 2500 i.
1812 2462 1846 2500 d.
1943 2491 1944 2494 η

346 2521 413 2556 Γπ
529 2519 609 2558 640
639 2520 802 2557 voluntas
825 2521 984 2557 Gruter.-
1005 2521 1166 2570 voluptas
1187 2522 1231 2558 F.
1289 2520 1346 2568 Cf.
1368 2521 1453 2558 Sen.
1475 2520 1639 2558 Phaedr.
1661 2519 1740 2557 743
1759 2519 1843 2555 Pei-

342 2587 419 2623 per
438 2575 506 2623 (=
528 2576 685 2623 Hippot.
710 2576 788 2614 735
812 2575 945 2621 Bothe)
975 2575 1087 2613 ‘mens
1117 2577 1324 2625 impudicam
1352 2576 1467 2614 facere
1493 2587 1564 2613 non
1592 2586 1693 2612 casus
1719 2574 1845 2618 solet’3

319 2643 396 2668 ατε
419 2637 545 2668 lamen
567 2634 742 2680 corriyas
762 2643 863 2668 casus
884 2632 921 2678 (i.
943 2643 973 2669 e.
997 2629 1182 2679 occasio),
1204 2633 1257 2679 cs.
1278 2633 1358 2669 Liv.
1382 2634 1420 2678 1,
1441 2632 1508 2678 58,
1529 2631 1553 2669 9
1581 2630 1746 2667 ‘mentem
1766 2641 1847 2678 pec-

343 2692 435 2734 eare,
457 2699 529 2724 nou
549 2687 696 2735 corpus’
717 2693 753 2724 et
775 2700 806 2725 υ.
828 2687 904 2724 481
1022 2687 1236 2736 impudicum
1258 2698 1329 2724 non
1350 2687 1461 2734 Casp.
1488 2687 1606 2724 Orelli
1614 2702 1624 2722 .·
1653 2696 1723 2722 non
1745 2684 1846 2734 pudi-

346 2754 427 2779 cum
451 2744 488 2779 F
598 2742 677 2780 644
709 2743 768 2791 Cf.
791 2744 958 2780 phaedr.
982 2744 1018 2790 1,
1037 2743 1103 2790 26,
1122 2744 1142 2780 1
1166 2741 1286 2791 ‘inops
1306 2748 1487 2790 potentem
1509 2741 1590 2778 (lum
1612 2740 1686 2777 vult
1706 2740 1846 2788 imitari,

352 2798 474 2845 perit’.
532 2809 667 2847 pauper
694 2798 835 2835 divitem
859 2799 1017 2836 Gruter.-
1045 2798 1080 2836 d.
1101 2811 1136 2847 p.
1159 2799 1205 2844 F,
1234 2797 1292 2835 ubi
1311 2809 1346 2846 p.
1365 2796 1400 2834 d.
1427 2798 1561 2845 ceperit
1580 2797 1601 2833 i.
1623 2808 1659 2845 p.
1679 2807 1709 2832 π

346 2853 425 2891 645
459 2855 603 2890 Gellius
625 2854 689 2901 17,
714 2854 786 2901 14,
817 2854 990 2891 Macrob.
1013 2854 1094 2891 Sat.
1117 2853 1163 2901 2,
1187 2854 1224 2900 7,
1251 2855 1336 2890 Joa.
1368 2852 1521 2890 Saresb.
1546 2852 1683 2889 Polie-r.
1704 2853 1750 2900 8,
1774 2851 1844 2897 14;
