1956 3308
386 255 440 295 24
567 304 569 307 ⁴
954 261 1311 292 i’nonsoomsNA.

387 379 482 407 cum
503 363 644 408 Schol.
669 363 850 404 Erasmi.
910 362 1033 403 Mimi
1055 360 1269 414 Publiani,
1300 375 1396 403 cum
1418 360 1568 402 Eiusd.
1596 360 1727 403 schol.
1748 364 1884 403 auctis

387 431 608 485 recogniti.
668 430 919 471 Institutum
955 427 1138 469 hominis
1178 426 1419 480 christiani,
1457 428 1642 468 carmine
1680 441 1756 483 per
1785 442 1883 469 eun-

389 497 485 538 dem
517 496 743 537 Erasmum
772 493 974 536 Roterod.
1006 492 1191 535 Londini
1222 507 1297 549 per
1326 492 1439 534 Pctr.
1458 492 1672 535 'Treveris
1707 494 1823 535 1514.
1844 493 1884 534 4.

499 563 600 619 Ipse
615 578 716 604 usus
739 576 833 603 sum
854 560 1044 602 eiusdem
1061 559 1161 601 libri
1183 559 1369 601 editione
1383 559 1749 614 Argentoratensi,
1762 574 1886 615 quam

390 644 523 686 paene
553 630 705 670 haereo
737 628 805 669 cui
833 641 944 668 anno
974 626 1237 668 adscribam:
1271 617 1416 667 editor‘
1439 627 1551 667 enim
1581 626 1886 682 praefationem

389 697 561 753 scripsit
589 694 774 737 Lovanii
802 708 913 734 anno
946 693 1071 745 1514,
1104 692 1203 733 Kal.
1234 693 1444 747 Augusti,
1475 691 1679 734 Matthias
1710 692 1886 735 Schurc-

389 765 477 804 rius
515 760 749 817 bibliopola
787 760 909 801 brevi
949 758 1130 815 epistula
1165 760 1208 800 in
1240 758 1379 800 fronte
1409 760 1548 814 posita
1577 758 1890 800 commendavit

391 829 547 870 librum
578 827 791 869 iuventuti
821 826 1039 868 studiosae
1059 826 1336 879 Argentorati
1357 825 1480 866 XVI.
1512 825 1610 866 Kal.
1632 825 1889 866 Novembris
1907 851 1916 861 κ

389 910 427 937 a.
453 895 572 947 1515,
605 899 859 949 conquestus
890 891 1014 933 simul
1044 891 1098 931 de
1127 890 1237 932 mala
1267 890 1530 947 quorundam
1558 890 1783 944 industria,
1815 892 1889 946 qui

391 977 497 1017 opus
527 976 552 1002 a
583 975 627 1002 sc
656 959 923 1015 redemptum
952 958 1102 999 furtim
1130 946 1247 1013 typis
1268 956 1574 1010 exscriberent,
1605 958 1650 998 in
1669 958 1752 998 fine
1773 957 1888 998 deni—

394 1043 475 1085 que
506 1027 793 1083 subscriptum
816 1031 902 1066 est:
934 1024 1287 1080 Argentorati
1318 1038 1372 1064 ex
1393 1023 1573 1065 aedibus
1596 1023 1891 1066 Schurcrianis

394 1093 733 1149 mense-Martio
774 1092 913 1134 1516.
973 1090 1114 1132 Aliam
1156 1089 1408 1143 editionem,
1455 1090 1752 1132 Colonienscm
1788 1091 1891 1132 anni

399 1161 507 1203 1515
516 1193 527 1214 ,
566 1160 620 1201 ab
650 1159 746 1200 aliis
785 1164 1030 1213 usurpatam
1070 1171 1163 1198 esse
1199 1156 1347 1210 vide03
1387 1155 1565 1198 alteram
1596 1156 1891 1199 Colonienscm

394 1228 495 1268 anni
528 1226 634 1268 1520
662 1240 686 1266 a
717 1226 758 1267 J.
791 1224 964 1276 Sotero,
1003 1224 1106 1265 item
1137 1222 1464 1277 Hagenoensem
1495 1239 1520 1264 a
1549 1222 1630 1264 Th.
1660 1222 1893 1264 Anshelmo

394 1309 432 1335 a.
467 1293 572 1335 1522
608 1293 725 1348 typis
764 1291 1047 1346 descriptam,
1087 1288 1477 1331 Hclmstadiensem
1511 1289 1613 1329 anni
1647 1289 1749 1331 1611
1780 1289 1894 1331 idem

395 1364 694 1402 commemorat
723 1356 1043 1398 Latendorfius:
1090 1355 1371 1397 Basiliensem
1406 1356 1508 1396 anni
1539 1355 1647 1397 1520
1675 1355 1770 1411 (per
1799 1355 1892 1397 Joa.

396 1426 659 1467 Frobenium
695 1437 839 1465 mense
870 1423 1066 1477 Octobri)
1106 1429 1147 1464 et
1183 1421 1361 1464 alteram
1399 1422 1758 1477 Argentinensem
1793 1423 1895 1463 anni

400 1492 506 1535 1516
536 1493 628 1548 ipse
657 1490 854 1532 manibus
886 1490 1072 1531 versavi.

510 1562 706 1600 Erasmus
746 1558 879 1612 igitur
927 1556 1087 1612 primus
1135 1554 1349 1597 intellexit
1394 1553 1739 1610 proverbiorum,
1789 1568 1897 1610 quac

400 1625 532 1680 vulgo
570 1623 826 1674 edebantur,
865 1622 1078 1679 duplicem
1116 1620 1186 1663 vel
1214 1620 1427 1678 triplicem
1456 1634 1549 1661 esse
1578 1621 1803 1675 originem:
1843 1635 1897 1662 cx

399 1690 575 1733 Publilii
606 1689 706 1744 Syri
741 1689 882 1736 mimis
913 1688 1092 1731 fluxisse
1129 1687 1362 1730 sententias
1400 1686 1502 1728 inde
1530 1701 1556 1727 a
1586 1685 1728 1728 littera
1756 1687 1799 1728 A
1827 1702 1895 1728 us-

399 1771 481 1814 que
517 1756 572 1798 ad
608 1756 797 1798 litteram
827 1754 894 1808 N,
935 1770 990 1796 ex
1028 1753 1231 1811 opusculo
1269 1753 1452 1810 quodam
1489 1753 1677 1809 pedestri
1707 1753 1897 1794 oratione

400 1824 641 1879 conscripto
671 1821 856 1877 reliquas
888 1821 1004 1876 (N-
1019 1822 1102 1877 V);
1140 1819 1320 1877 paucula
1350 1819 1554 1879 denique,
1595 1833 1702 1875 quae
1730 1820 1775 1861 in
1805 1834 1898 1875 pro-

400 1890 645 1932 verbiorum
681 1888 940 1930 editionibus
971 1886 1194 1944 permultis
1225 1886 1304 1928 sub
1334 1886 1461 1927 finem
1490 1884 1728 1927 litterarum
1756 1885 1905 1926 A—V

401 1958 556 1999 adsuta
592 1962 713 2010 sunt,
753 1961 956 2012 excerpta
993 1968 1086 1996 esse
1122 1953 1235 1996 vidit
1273 1967 1326 1994 ex
1358 1952 1543 1995 Senecae
1582 1950 1702 1993 libris
1733 1951 1787 1993 de
1816 1951 1897 1993 cle-

402 2024 562 2065 mentia
596 2023 778 2078 ideoque
815 2022 964 2063 merito
994 2020 1165 2062 abiecit.
1224 2019 1377 2075 Itaque
1406 2017 1522 2071 illas,
1568 2032 1667 2059 vere
1696 2017 1899 2059 Publilia-

402 2105 493 2143 nas,
523 2090 560 2131 si
591 2103 698 2145 quae
727 2090 834 2131 vitia
853 2093 1088 2140 traxerant,
1121 2085 1294 2141 (incidit
1312 2091 1455 2127 autem
1474 2086 1519 2126 in
1539 2084 1900 2139 corruptissimas)

402 2157 588 2198 numeris
618 2155 814 2197 iambicis
844 2154 914 2196 vel
943 2153 1170 2196 trochaicis
1201 2152 1366 2205 clausit,
1398 2151 1565 2193 omissis
1586 2156 1729 2192 tamen
1753 2151 1899 2206 paucis

403 2223 510 2265 adeo
554 2223 785 2277 corruptis,
828 2227 875 2262 ut
910 2235 935 2262 a
970 2226 1104 2262 metro
1143 2218 1326 2261 iambico
1355 2217 1597 2259 ‘abhorrere
1635 2215 1900 2271 viderentur,

403 2289 636 2331 sententias
667 2303 716 2329 eo
746 2288 894 2329 ordine
925 2286 1142 2339 exhibuit,
1173 2299 1256 2341 quc
1286 2285 1331 2325 in
1360 2282 1581 2326 codicibus
1603 2297 1648 2325 se
1669 2283 1902 2339 excipiunt,

406 2356 661 2397 brevissima
689 2355 923 2410 adscripsit
952 2351 1128 2405 scholia,
1158 2350 1330 2393 addidit
1359 2364 1507 2392 versus
1537 2349 1702 2405 aliquos
1723 2348 1903 2403 Publilii

407 2436 461 2464 cx
493 2420 634 2463 Gellio
665 2427 708 2463 et
737 2420 897 2463 Seneca
926 2419 1116 2461 rhetore:
1155 2432 1181 2459 a
1209 2417 1503 2475 pedestribus,
1536 2416 1726 2471 exceptis
1756 2416 1902 2471 paucis

406 2503 511 2545 quas
540 2487 710 2529 mallem
739 2487 976 2538 omisisset,
1015 2499 1186 2541 prorsus
1216 2483 1426 2526 abstinuit
1454 2483 1584 2538 idque
1613 2481 1826 2534 consulto,
1855 2487 1903 2523 ut

408 2557 501 2611 ipse
530 2555 669 2596 innuit
699 2555 743 2594 in
773 2552 1059 2609 praefatione:
1092 2551 1277 2593 ‘reiectis
1308 2549 1376 2602 iis,
1408 2563 1516 2605 quae
1538 2561 1758 2605 perperam
1783 2552 1902 2588 erant

406 2622 600 2663 admixta
630 2634 685 2661 ex
713 2619 893 2662 aliorum
922 2618 1074 2659 libris’.
1135 2616 1253 2669 Quid
1283 2615 1438 2658 multa!
1471 2615 1551 2656 etsi
1572 2615 1617 2655 in
1637 2611 1902 2655 emendando

408 2696 450 2730 ct
480 2686 716 2729 enarrando
736 2692 871 2742 ‘poeta
902 2699 1066 2741 pagano
1097 2698 1252 2740 paucas
1281 2689 1445 2724 tantum
1466 2681 1590 2732 horas
1611 2692 1657 2720 se
1677 2677 1903 2720 collocasse

410 2754 644 2810 profitetur,
676 2767 758 2809 quo
787 2751 1079 2806 theologorum
1110 2750 1315 2805 effugeret
1345 2744 1721 2804 vituperationem,
1752 2759 1903 2787 munus

411 2820 587 2862 editoris
618 2819 825 2875 principis
855 2833 930 2875 pro
959 2824 1080 2874 parte
1110 2815 1226 2858 virili
1256 2814 1507 2857 sustinuisse
1535 2810 1748 2868 putandus
1779 2818 1856 2856 est.

523 2886 613 2928 Iam
641 2884 742 2927 inde
771 2885 826 2926 ab
857 2899 904 2926 eo
935 2891 1138 2939 tempore,
1170 2896 1265 2924 cum
1295 2879 1426 2922 semel
1453 2877 1662 2922 Publilius
1685 2877 1819 2935 Syrus
1847 2876 1903 2920 ab
