1956 3308
373 255 428 298 30
734 268 741 275 ·
945 266 1301 301 monne-omum.
1366 278 1369 282 ·

372 369 626 410 auctoritate
655 369 697 409 in
729 367 943 424 duplicem
967 383 1151 410 errorem
1172 369 1371 412 inductus
1393 377 1469 412 est.
1528 370 1717 414 Primum
1740 371 1866 427 enim,

374 449 470 475 cum
513 436 748 476 sententiae
789 436 833 476 in
877 435 1097 477 codicibus
1142 437 1264 491 quasi
1308 436 1494 479 Senecae
1536 438 1769 493 ferrentur,
1814 439 1868 480 de

371 500 558 542 Publilio
587 507 759 542 auctore
787 515 872 542 non
902 501 1118 543 dubitavit
1148 502 1334 557 quidem,
1365 503 1441 544 sed
1470 502 1661 545 libellum
1685 504 1869 547 Grutero

372 567 600 609 obsecutus
630 567 851 623 inscripsit
880 567 1038 609 ‘Publii
1069 566 1168 624 Syri
1198 575 1240 610 et
1268 568 1447 611 aliorum
1477 576 1671 612 veterum
1699 577 1867 613 senten-

372 634 487 687 tiac’,
519 633 673 674 deinde
703 634 926 675 sententiis
955 635 1080 676 novis
1111 634 1460 690 Frisingensibus
1490 637 1709 690 minorem,
1742 651 1868 693 quam

374 715 450 756 par
479 706 583 752 crat,
613 700 740 741 fidem
770 699 970 742 habebat.
1029 700 1101 742 Sic
1121 702 1232 742 enim
1262 702 1500 758 praefatur:
1534 702 1671 754 ‘Quae
1690 703 1735 744 in
1757 702 1867 745 Gru-

372 767 452 807 teri
493 766 701 821 editione,
739 767 884 808 nescio
922 767 1104 822 unde(‘?)
1143 767 1353 824 prolatae,
1394 774 1493 810 sunt
1529 783 1705 811 numero
1734 770 1867 811 octin->

372 840 527 887 gentae
557 839 598 874 et
627 832 721 889 plus
753 834 1077 889 quinquaginta,
1109 848 1253 875 earum
1282 835 1416 876 maior
1444 849 1542 891 pars
1572 849 1709 891 neque
1736 837 1780 877 in
1801 850 1867 877 co-

373 900 542 941 dicibus
571 900 730 941 nostris
761 906 1026 956 comparent,
1064 915 1201 956 neque
1230 902 1458 956 quicquam
1487 901 1686 942 Publiani
1715 901 1869 944 coloris

373 967 594 1022 saporisve
623 966 667 1007 in
699 980 745 1007 se
774 966 946 1008 habent.
1007 966 1092 1008 Eas
1122 980 1220 1021 nos,
1251 973 1299 1009 ut
1328 966 1397 1008 vel
1427 960 1539 1009 lectu
1569 967 1783 1023 indignas,
1813 967 1868 1009 ab

373 1033 561 1074 editione
590 1032 670 1073 hac
701 1032 922 1074 eiecimus:
963 1047 1070 1088 quae
1101 1047 1202 1074 vero
1231 1035 1426 1075 acumine
1455 1047 1500 1075 se
1530 1049 1605 1075 suo
1635 1048 1685 1075 ac
1715 1048 1870 1075 venere

374 1106 416 1140 et
445 1100 570 1141 metri
601 1099 886 1141 concinnitate
917 1098 1227 1151 commendant,
1258 1098 1407 1142 lectori
1437 1100 1506 1141 hic
1537 1100 1823 1142 exhibemus’.›

484 1166 602 1208 Inter
639 1171 800 1207 ceteros
831 1180 941 1207 saec.
972 1165 1146 1207 XVIII.
1177 1164 1362 1207 editores
1392 1166 1630 1208 laudandus
1661 1173 1725 1208 est
1757 1167 1867 1209 Joa.

374 1232 574 1274 Petrus.
597 1231 842 1274 Millerus
882 1231 1086 1286 (Phaedri
1125 1231 1262 1272 Fabb.
1299 1231 1442 1273 Publii
1481 1232 1580 1288 Syri
1617 1233 1867 1287 sententiae,

375 1299 577 1355 Dionysii
598 1298 774 1340 Catonis
796 1298 993 1351 disticha,
1016 1297 1157 1339 Berol.
1183 1297 1322 1353 1753),
1354 1298 1423 1339 vel
1443 1299 1522 1340 hoc
1541 1300 1726 1352 nomine,
1756 1298 1868 1356 quod

373 1366 606 1407 sententias
636 1364 714 1407 soli
735 1365 922 1407 Publilio
942 1364 1141 1407 addicere
1160 1379 1287 1406 ausus
1308 1371 1386 1407 est.
1436 1365 1662 1407 Praeterea
1682 1380 1758 1406 suo
1779 1367 1870 1407 iure

373 1433 605 1475 Gruterum
636 1432 920 1488 impugnavit,
952 1431 1066 1488 quod
1096 1431 1219 1473 binos
1249 1431 1474 1487 aliquoties
1504 1446 1654 1474 versus
1684 1433 1794 1474 inter
1823 1447 1869 1474 se

373 1498 613 1541 simillimos
651 1497 906 1554 protulerat,
945 1512 1124 1554 quorum
1152 1495 1363 1539 Publilius
1400 1497 1748 1551 velralterutrum
1777 1505 1867 1540 tan-

372 1565 590 1607 tummodo
620 1566 859 1621 composuit
888 1563 956 1605 vel
986 1564 1164 1617 nullum,
1194 1563 1317 1607 verbi
1347 1561 1518 1606 causaz*

749 1669 929 1707 Felicitas
957 1668 1101 1715 infelici
1129 1670 1347 1708 imwcenlia
1375 1670 1438 1707 est.

748 1735 902 1781 Infelici
930 1736 1150 1774 innocentia
1177 1739 1231 1774 cst
1258 1735 1429 1782 felicitas.

488 1832 538 1872 In
570 1830 808 1873 editione
838 1830 1124 1887 Bipontina
1154 1830 1358 1886 (Phaedri
1385 1830 1500 1872 fabb.
1521 1830 1731 1872 accedunt
1753 1830 1801 1872 P.
1823 1830 1867 1872 S.

372 1899 610 1941 sententiae
640 1904 719 1939 etc.
745 1897 870 1954 1784)
900 1897 1008 1939 nihil
1038 1904 1123 1952 est,
1156 1897 1269 1954 quod
1298 1897 1469 1954 proprie
1499 1898 1729 1953 vituperes,
1760 1895 1869 1937 nihil

373 1980 456 2021 quo
486 1979 582 2007 cum
610 1964 753 2020 aliquo
785 1963 926 2005 fructu
954 1965 1106 2018 utaris,
1136 1970 1318 2020 excepta
1346 1964 1528 2006 fortasse
1558 1963 1727 2004 ‘notitia
1756 1958 1871 2015 littel

372 2033 514 2086 raria',
546 2045 672 2088 quam
702 2031 859 2073 rectius
890 2030 1010 2072 dicas
1031 2030 1265 2072 editionum
1286 2029 1459 2072 Publilii
1481 2029 1580 2086 Syri
1605 2029 1866 2084 catalogum:

371 2099 492 2152 adeo,
524 2099 597 2155 qui
627 2110 717 2139 eam
749 2098 930 2151 curavit,
962 2111 1007 2138 se
1039 2098 1221 2139 Grutcro
1250 2096 1492 2138 addixerat.

486 2164 693 2206 Eiusdem
729 2165 831 2207 Jani
861 2164 1038 2206 Gruteri
1074 2164 1361 2206 recensionem
1402 2168 1593 2217 secutus,
1629 2163 1741 2205 sieut
1776 2163 1869 2219 ipse

377 2232 484 2274 dicit
521 2234 566 2274 in
601 2231 726 2273 titulo
763 2231 886 2285 libri,
917 2232 1043 2288 Car.
1081 2230 1236 2271 Henr.
1280 2228 1589 2270 Tzschucke
1635 2228 1866 2270 Publilium

373 2299 530 2355 Syrum
568 2298 704 2340 edidit
742 2299 786 2339 in
814 2312 938 2339 usum
968 2297 1226 2349 scholarum,
1261 2295 1479 2352 adspersis
1509 2294 1664 2337 notulis
1695 2293 1867 2351 quibus·

372 2365 485 2420 dam,
516 2365 635 2421 Lips.
669 2365 789 2406 1790.
1491 2422 1493 2424 Ι

483 2432 762 2487 Permagnam
787 2430 987 2473 editionis
1008 2444 1108 2471 suae
1129 2430 1470 2487 expectationem
1489 2434 1681 2471 moverat
1709 2428 1735 2470 J
1747 2443 1866 2470 oan—

372 2515 460 2540 nes
491 2498 637 2541 Conr.
668 2497 923 2551 Orellius‚
954 2497 997 2540 J.
1019 2497 1196 2553 Caspari
1225 2495 1429 2553 patruelis
1460 2496 1528 2548 (P.
1546 2495 1651 2553 Syri
1680 2496 1798 2536 mimi
1826 2501 1897 2550 et,

371 2566 550 2607 aliorum
571 2565 823 2618 sententiae,
853 2564 973 2620 Lips.
998 2564 1138 2618 1822),
1168 2563 1252 2604 nisi
1273 2577 1375 2604 mox
1389 2562 1565 2605 editoris
1585 2562 1773 2604 officium
1795 2575 1865 2617 pa·
1925 2557 1932 2564 ’

372 2647 465 2673 rum
482 2631 725 2688 explevisse
746 2632 945 2672 inventus
967 2637 1090 2672 esset.
1122 2629 1348 2671 Hominem
1370 2629 1481 2670 enim
1502 2642 1548 2670 se
1562 2628 1869 2685 eumpraebuit

374 2701 417 2740 in
445 2697 693 2740 adornando
723 2697 796 2740 illo
826 2697 955 2750 libro,
990 2698 1062 2753 qui
1091 2696 1271 2738 aliorum
1302 2697 1442 2752 potius
1473 2709 1599 2751 quam
1629 2709 1704 2736 suo
1733 2699 1867 2736 staret
1925 2701 1932 2707 '

374 2765 553 2818 iudici03
584 2771 626 2807 et
655 2779 751 2806 eum
781 2765 824 2806 in
854 2764 1067 2820 prioribus
1095 2757 1355 2805 editionibus
1380 2761 1426 2804 id
1455 2763 1547 2803 iure
1567 2761 1865 2817 vituperasset,

373 2831 485 2887 quod
518 2833 558 2872 iu
591 2832 895 2873 sententiarum
933 2845 1107 2873 numero
1141 2831 1295 2872 mirum
1325 2835 1529 2885 quantum
1559 2827 1865 2883 discreparent,

373 2898 466 2954 ipse
503 2899 608 2939 nihil
646 2899 862 2954 antiquius
902 2898 1071 2951 habuit,
1109 2911 1234 2952 quam
1270 2903 1316 2937 ut
1351 2895 1547 2936 omnibus
1585 2894 1676 2935 sine
1707 2893 1865 2935 iudicio
