1956 3308
638 227 1000 266 PRoLneoMENA.
1518 232 1572 274 33
1631 221 1634 225 ’

52 329 226 385 luerim,
273 330 409 373 multo
448 332 591 374 minus
631 332 694 375 de
734 337 1080 380 versionibus
1125 347 1323 383 accurate
1360 342 1573 385 disserere

51 398 99 440 in
128 398 272 440 animo
303 405 381 440 est.
442 398 611 442 Graece
641 404 880 446 sententias
911 404 979 447 bis
1010 408 1226 463 expressit
1262 407 1291 450 J
1301 423 1368 451 os
1404 409 1571 452 Scali-

51 479 164 521 ger:
210 465 470 508 Pithoeanas
507 481 620 510 anno
659 469 788 524 1598,
834 470 887 513 de
926 472 1083 529 quibus
1121 489 1252 532 supra
1289 476 1453 518 dictum
1493 484 1573 531 est,

0 548 5 584 g
52 531 338 595 Gruterianas
374 548 488 576 anno
525 533 616 577 fere
656 537 764 579 1605
802 537 872 579 vel
913 540 1034 583 1606.
1094 541 1161 583 Cf.
1202 542 1481 599 Scaligerana
1511 544 1571 586 II.

50 601 91 643 5.
113 615 156 642 v.
179 599 365 643 Gruter.
399 601 556 644 Gruter
586 605 699 645 avoit
723 604 808 657 fait
838 607 1052 660 imprimet·
1081 623 1140 651 un
1170 609 1303 664 ngrus
1332 613 1571 666 augment&

0 667 67 722 j
69 667 129 710 ’ai
156 671 245 710 tout
273 670 426 711 tourne'
449 671 497 712 de
525 684 717 713 ηοαυεαιι
746 686 796 714 en
825 674 854 714 4
873 674 1008 727 jours.

0 779 2 781 ,
165 734 425 779 Germanice
441 738 625 780 vertisse
647 753 718 781 eas
740 739 878 781 fertur
898 741 1163 785 Martinus
1194 743 1423 801 Opitius.
1469 747 1571 790 Pro-

0 815 3 858 ζ
51 803 226 846 dierunt
263 805 379 846 enim
414 819 528 847 anno
562 806 670 849 1705
707 807 982 850 Francofurti
1019 809 1075 851 ad
1111 810 1315 853 Moenum
1352 814 1465 870 apud
1496 814 1525 856 J
1528 829 1570 856 0

20 924 26 930 .
50 849 248 913 hannem
266 871 482 914 Maximil.
512 887 538 914 a
569 873 713 916 Sande
742 874 867 917 Cato
899 882 942 917 et
961 877 1085 919 Mimi
1113 880 1386 934 τρίγλωττοι,
1417 896 1572 937 graeca

0 950 5 987 ξ
51 953 108 980 ex
126 939 393 997 metaphrasi
413 939 442 982 J
445 954 506 982 cs
528 939 755 997 Scaligeri,
785 941 1044 987 Germanice
1064 947 1334 1002 potissimum
1356 962 1410 989 ex
1430 956 1572 991 mente

0 1013 5 1054 ᾗ
51 1006 246 1049 eiusder'n
283 1013 327 1050 et
364 1006 496 1064 Casp.
534 1007 705 1051 Barthii
745 1024 951 1067 expressa
988 1027 1013 1053 a
1049 1013 1237 1056 Martino
1274 1014 1455 1072 Opitio’.
1513 1016 1573 1058 At

50 1073 289 1117 verendum
331 1081 397 1117 est
432 1090 487 1117 ne
524 1075 606 1117 hoe
642 1076 768 1119 titulo
799 1080 915 1135 capti
955 1082 1233 1138 praeproperi
1261 1082 1412 1137 gaudii
1441 1098 1572 1125 usura

49 1141 263 1184 fruantur.
322 1143 436 1185 Nam
472 1144 519 1185 in
547 1158 594 1185 re
624 1144 791 1187 incerta.
826 1147 912 1188 tria
948 1154 1049 1190 sunt
1085 1149 1349 1204 certissima,
1386 1151 1572 1206 primum

50 1210 97 1251 in
124 1209 187 1252 M.
217 1209 358 1268 Opitii
387 1210 654 1254 editionibus
685 1212 794 1255 nihil
824 1213 926 1269 legi,
958 1229 1041 1272 quo
1073 1230 1170 1258 eum
1194 1215 1372 1258 Publilii
1402 1224 1569 1260 senten-

49 1277 124 1319 tiis
155 1278 378 1320 vertendis
411 1293 585 1335 operam
616 1279 790 1322 dedisse
822 1280 1009 1334 eluceat,
1050 1282 1207 1322 deinde
1237 1282 1403 1323 fraudis
1434 1286 1571 1338 suspi-

9 1351 12 1401 J
51 1345 166 1387 cioni
195 1344 387 1402 obnoxia
416 1361 535 1400 esse,
576 1347 922 1405 quibuscumque
952 1347 1081 1404 Casp.
1112 1347 1284 1390 Barthii
1314 1363 1466 1392 nomen
1497 1349 1570 1390 ad-

4 1404 11 1449 ,j
50 1411 213 1467 haeret,
243 1420 462 1470 postremo
491 1428 644 1457 versus
676 1415 793 1472 ipsos
825 1416 1002 1457 minime
1031 1422 1202 1473 poetam
1233 1430 1398 1473 sapere.

9 1478 11 1482 ⁴
162 1479 292 1523 Ultra
321 1482 600 1525 Erasmianas
639 1484 899 1537 sententias,
939 1483 1146 1525 ducentas
1185 1484 1459 1539 septuaginta
1495 1498 1571 1524 nu-

11 1594 15 1598 ,
49 1549 190 1602 mero,
221 1562 309 1591 non
339 1563 540 1605 egressus
572 1556 659 1604 est,
701 1551 775 1607 qui
805 1565 918 1594 anno
951 1551 1060 1593 1809
1090 1549 1278 1593 Publilio
1309 1551 1355 1591 in
1384 1551 1570 1606 patrium

8 1611 10 1615 ’
50 1629 292 1660 sermonem
311 1617 522 1659 vertendo
551 1632 724 1659 manum
744 1618 954 1672 admovit,
986 1619 1029 1661 J.
1051 1618 1102 1660 F.
1125 1618 1399 1660 Kremsier
1430 1617 1570 1674 (Lips.

49 1683 168 1741 apud
196 1683 293 1727 Joa.
323 1684 554 1746 Sbolmmer),
585 1686 672 1727 nisi
702 1685 817 1742 quod
846 1685 1099 1743 appendicis
1130 1685 1222 1727 loco
1253 1685 1438 1727 subiecit
1468 1699 1569 1741 qua-

51 1751 303 1808 dringentas
340 1751 603 1795 Publilianis
642 1753 805 1795 similes
843 1769 869 1795 a
900 1754 955 1796 G.
987 1753 1188 1796 Fabricio
1227 1751 1447 1807 collectas3
1488 1751 1570 1793 lar-

10 1819 19 1861 J
49 1819 215 1875 giorem
237 1820 418 1864 Gruteri
447 1820 713 1876 farraginem
741 1821 851 1863 alter
880 1835 1027 1879 plesse
1056 1827 1227 1863 secutus
1250 1826 1314 1862 est
1343 1820 1569 1876 interpres,

49 1887 363 1931 Leonardus
395 1888 764 1943 Schwarzius,
806 1890 930 1931 cuius
961 1903 1064 1931 cura
1092 1889 1136 1930 in
1167 1887 1306 1929 lucem
1337 1886 1572 1942 Gottingae

22 1970 28 1978 ²
50 1968 164 1998 anno
194 1955 304 2000 1813
334 1956 453 1999 edita
483 1963 563 1999 est.

11 2027 25 2083 {
163 2023 424 2082 Nuperrime
454 2025 643 2082 denique
672 2026 718 2066 in
747 2022 889 2066 lucem
909 2024 1072 2081 prodiit
1099 2023 1170 2065 hic
1190 2023 1320 2064 liber.
1353 2022 1454 2064 ‘Les
1475 2037 1569 2064 sen-

15 2090 26 2115 .·
50 2096 198 2133 tences
235 2091 291 2136 de
318 2091 502 2134 Publius
535 2092 693 2149 Syrus,
731 2091 943 2134 traduites
975 2106 1028 2133 en
1058 2089 1352 2133 Alexandrins
1383 2089 1569 2144 francais

14 2190 24 2194 .
52 2173 131 2216 par
160 2159 489 2202 Anacharsis
522 2159 759 2202 Combes.
809 2159 1025 2201 Toulouse
1059 2159 1196 2217 18683'
1247 2156 1390 2209 Quam
1419 2170 1569 2212 pamm

19 2225 124 2269 *11ἰο
141 2225 270 2269 homo
291 2226 450 2270 litteris
481 2226 628 2269 latinis
658 2228 851 2269 imbutus
883 2227 954 2280 sit,
987 2226 1088 2268 hinc
1116 2232 1308 2283 apparet,
1340 2225 1454 2282 quod
1485 2225 1569 2281 pri-

51 2307 165 2335 mam
194 2294 375 2337 Publilii
404 2295 639 2338 editionem
668 2310 780 2337 anno
814 2294 921 2337 1552
956 2293 1190 2351 prodiisse,
1228 2300 1399 2351 poetam
1429 2294 1570 2349 ipsum

51 2374 79 2405 a
99 2361 366 2419 .Domitio(!)
403 2377 534 2417 manu
566 2363 748 2405 missum
778 2376 872 2403 esse
901 2360 1071 2418 aliaque
1101 2361 1146 2403 id
1176 2375 1312 2417 genus
1341 2374 1477 2417 aeque
1508 2359 1570 2400 in-

22 2433 153 2487 *septa
180 2428 378 2478 tradidit.

123 2974 290 3001 Pomanus
309 2976 416 3002 Srnus.
1235 2967 1254 2997 3
