1956 3308
360 232 413 273 5ss
932 243 1287 275 mzonmomcm.

531 346 563 384 Ο
590 348 695 386 dulce
723 351 960 390 tormentum,
990 358 1107 394 aequo
1135 347 1203 390 ubi
1230 347 1451 394 reprimitur
1475 346 1663 395 glaudium

364 433 547 475 editores
586 433 826 473 inversione
862 426 1036 472 minime
1072 429 1314 472 Publiliana
1351 431 1634 484 (Tormentum
1673 445 1695 472 ο
1724 431 1855 486 dulce)

363 506 496 540 metro
535 497 859 550 consuluerunt,
897 498 1036 552 ignari
1073 511 1221 538 vocem
1259 511 1388 550 aequo
1422 510 1477 538 ex
1507 510 1635 539 versu
1665 498 1858 552 sequenti

363 563 472 606 male
510 564 591 605 huc
627 570 853 605 retractam
891 578 1007 616 esse,
1047 578 1129 619 qua
1159 562 1298 604 deleta
1328 563 1541 604 senarium
1570 563 1615 604 in
1644 564 1857 619 integrum

362 632 599 673 restituisse
628 630 732 671 mihi
762 629 924 671 videor.

472 698 515 752 2)
546 697 616 738 Ad
646 695 939 753 prosodiam
976 704 1023 738 ut
1052 703 1338 749 transeamus,
1379 710 1516 753 pauca
1548 697 1732 752 primum
1770 711 1857 740 mo-

363 764 504 804 nenda
541 770 639 805 sunt
676 763 729 804 de
760 762 970 805 vocalium
1001 763 1250 819 quantitate.
1309 762 1367 804 Et
1404 762 1448 803 in
1477 763 1657 819 perfecti
1686 762 1859 819 quidem

364 845 544 887 persona
581 830 707 871 tertia
745 828 854 886 plur.
886 831 959 884 (-
988 829 1126 885 erunt)
1156 844 1177 870 e
1213 829 1368 885 corripi
1406 842 1533 884 posse
1569 829 1647 870 vix
1683 829 1859 871 dubium

363 896 526 938 faciunt
562 910 604 936 v,
642 895 696 937 90
733 896 940 951 (oderunt)
987 901 1028 936 et
1065 894 1263 951 exempla
1301 894 1463 951 aliquot
1498 894 1748 951 Vergiliana
1785 895 1859 950 (cf.

366 962 590 1017 Forbigeri
626 961 770 1004 adnot.
807 962 863 1003 ad
893 963 1021 1017 Verg.
1053 960 1203 1016 Eclog.
1233 962 1282 1014 4,
1313 962 1408 1016 61),
1446 962 1508 1003 ita
1534 968 1582 1003 ut
1611 977 1653 1004 v.
1683 962 1766 1004 555
1794 963 1860 1004 de·-

362 1030 591 1081 semie‘runt,
620 1042 664 1069 v:
696 1028 778 1070 609
808 1029 1063 1070 abstulerunt
1095 1042 1121 1069 a
1150 1022 1351 1084 prosodia
1379 1029 1624 1084 impugnari
1652 1043 1737 1070 non
1763 1043 1860 1085 pos-

365 1097 463 1138 sint.
521 1095 706 1136 Alterius
749 1094 824 1148 (cf.
863 1093 1088 1136 Ritschelii
1122 1109 1276 1150 opusc.
1314 1095 1361 1148 2,
1393 1095 1475 1136 662
1511 1084 1623 1151 sqq.)x
1662 1101 1863 1150 quattuor

365 1162 469 1203 locis
500 1162 703 1215 occurrit3
734 1175 776 1202 v.
807 1161 902 1202 297.
933 1161 1029 1203 372.
1058 1161 1141 1203 543
1171 1167 1366 1218 correpta
1394 1163 1428 1212 i,
1459 1168 1507 1202 ut
1536 1176 1578 1202 v.
1608 1161 1664 1203 50
1692 1176 1862 1218 quoque
1933 1146 1956 1210 5³

366 1230 539 1268 eandem
570 1241 662 1268 esse
690 1226 849 1269 vocalis
871 1228 1150 1282 quantitatem
1177 1227 1270 1268 iure
1298 1234 1474 1269 statuas.
1536 1228 1641 1279 Tibi,
1671 1229 1761 1279 sibi,
1791 1229 1860 1279 ibi,

368 1296 455 1346 ubi,
486 1293 701 1347 ultimam,
733 1308 860 1350 quam
889 1294 1156 1348 grammatici
1185 1294 1415 1350 ancipitem
1446 1307 1540 1335 esse
1570 1294 1738 1348 docent,
1768 1294 1860 1336 ubi-

367 1375 447 1417 que
481 1360 657 1402 brevem
687 1360 866 1413 habent,
906 1375 988 1416 quo
1026 1360 1255 1402 concidunt
1283 1359 1513 1403 nonnullae
1544 1361 1810 1402 coniecturae
1837 1375 1863 1402 a

366 1429 472 1469 viris
503 1427 637 1468 doctis
669 1426 870 1483 prolatae.
930 1427 1096 1468 Pariter
1124 1428 1199 1468 cito
1229 1427 1314 1469 nisi
1341 1427 1464 1468 brevi
1484 1426 1634 1468 ultima
1653 1441 1737 1469 non
1758 1426 1861 1482 legi·

366 1503 454 1547 tur,
501 1493 614 1535 unde
650 1493 804 1535 falsam
842 1508 935 1535 esse
981 1493 1167 1534 efficitur
1204 1489 1374 1535 Erasmi
1417 1498 1700 1536 coniecturam
1735 1492 1791 1534 ad
1820 1507 1863 1534 v.
1900 1495 1903 1497 ’
1954 1490 1956 1495 '

365 1561 448 1603 380
475 1560 749 1617 propositam.
808 1559 875 1602 Cf.
906 1566 1124 1616 praeterea
1151 1559 1208 1601 ad
1237 1574 1279 1601 v.
1310 1560 1377 1601 91.
1407 1561 1503 1602 469.
1533 1560 1630 1602 656.

479 1627 546 1668 De
576 1625 754 1682 syllabis
791 1627 1002 1682 positione
1039 1626 1178 1681 longis
1214 1627 1430 1668 monuisse
1459 1624 1645 1684 sufficiat
1674 1625 1864 1668 vocalem

368 1693 542 1734 brevem
572 1692 848 1748 sequentibus
878 1691 1030 1734 litteris
1055 1707 1113 1746 yn
1142 1692 1386 1749 produci*),
1407 1693 1575 1749 borripi
1602 1699 1743 1734 autem
1765 1698 1865 1734 ante

367 1763 411 1802 Cr
441 1765 482 1801 et
512 1763 561 1800 tr.
621 1758 737 1800 Hine
772 1750 951 1815 apparet
988 1758 1097 1800 falso
1128 1758 1300 1801 dedisse
1328 1759 1532 1801 Bothium
1561 1774 1603 1800 V.
1633 1759 1715 1801 358
1745 1761 1864 1802 lacri-

367 1828 464 1878 mis,
503 1833 618 1867 recte
655 1826 885 1868 Gruterum
921 1840 964 1866 v·
995 1826 1076 1867 353
1115 1825 1308 1868 meretrix
1344 1832 1386 1867 et
1422 1839 1531 1881 quae
1566 1832 1666 1869 sunt
1695 1825 1865 1868 similia.

369 1892 487 1934 Haec
518 1899 559 1934 et
589 1892 634 1933 id
662 1906 797 1947 genus
827 1891 924 1946 alia,
955 1891 1090 1933 veluti
1119 1892 1331 1948 synizesis
1353 1899 1394 1934 et
1423 1906 1636 1948 syncopae
1656 1891 1865 1948 exempla,

370 1960 440 2001 cui
478 1957 730 2013 singillatim
759 1959 956 2014 persequi
984 1958 1180 2008 libuerit,
1218 1958 1515 2014 percommode
1544 1958 1686 2000 indice
1715 1958 1866 2000 verbo-

368 2041 462 2067 rum
490 2026 554 2066 uti
583 2026 762 2082 poterit,
794 2039 919 2081 quem
950 2025 1129 2067 editioni
1157 2030 1328 2067 nostrae
1356 2024 1671 2067 subiunximus.
1729 2023 1867 2067 Facili
1914 2015 1920 2020 ⁶
1951 2015 1956 2045 3

369 2092 541 2148 negotio
571 2092 763 2133 inveniet
782 2090 1016 2133 Publilium
1047 2091 1206 2147 ubique
1234 2106 1358 2133 usum
1389 2105 1483 2146 esse
1502 2091 1640 2134 forma
1651 2092 1864 2146 periclum,

370 2157 502 2201 Gellii
533 2165 574 2200 et
603 2159 860 2214 optimorum
889 2157 1084 2199 codicum
1111 2159 1363 2200 auctoritate
1393 2158 1654 2212 confirmata,
1684 2157 1867 2214 ideoque

370 2227 517 2281 utique
560 2223 852 2280 recipiendam
897 2225 1033 2266 fuisse
1077 2223 1310 2266 Ribbeckii
1360 2215 1649 2266 coniecturam
1684 2238 1727 2266 v·
1763 2222 1865 2277 6255
1927 2223 1956 2273 ,ζ

370 2290 552 2345 videbit,
583 2291 663 2332 etsi
694 2291 738 2332 in
758 2290 974 2347 plerisque
994 2290 1214 2333 codicibus
1236 2292 1441 2347 scriptum
1461 2297 1526 2332 est
1545 2291 1663 2342 nihil,
1696 2289 1867 2332 restitui

284 2360 295 2371 '
370 2365 513 2400 tamen
551 2357 752 2399 debuisse
781 2357 843 2399 m'l
879 2356 948 2398 vel
976 2357 1150 2399 iubente
1180 2357 1443 2399 senariorum
1472 2356 1567 2412 lege
1596 2355 1666 2399 vel
1694 2362 1868 2414 propter

371 2425 497 2466 metri
528 2423 798 2479 elegantiam,
830 2438 871 2464 v.
903 2424 942 2465 6.
974 2430 1016 2465 et
1044 2424 1141 2477 239,
1171 2438 1226 2466 ne
1254 2425 1301 2466 in
1330 2423 1525 2465 versibus
1556 2422 1753 2465 iambicis
1780 2429 1866 2464 tres

372 2497 629 2548 quattuorve
658 2489 821 2546 dactyli
842 2497 1153 2532 concurrerent.
1212 2489 1354 2533 Simili
1373 2490 1427 2531 de
1448 2504 1576 2532 causa
1595 2504 1638 2531 v.
1660 2489 1714 2531 72
1733 2488 1869 2532 forma
1893 2527 1905 2535 ,

372 2559 474 2609 nisi,
514 2570 623 2614 quae
652 2556 837 2598 librariis
873 2558 1011 2612 magis
1041 2563 1142 2599 nota
1170 2558 1216 2599 in
1245 2556 1466 2599 codicibus
1495 2554 1755 2614 praevaluit,
1793 2556 1867 2596 ex'-

343 2654 346 2657 <
373 2623 642 2666 terminanda
670 2623 752 2666 fui't
780 2624 978 2666 restituta
1005 2625 1065 2676 ni,
1096 2620 1330 2680 eademque
1350 2622 1516 2665 medela
1535 2619 1867 2666 commendanda

374 2693 418 2732 in
449 2708 489 2734 v.
518 2690 614 2733 427.

462 2826 496 2865 *)
521 2827 563 2859 V.
580 2828 645 2859 442
669 2830 820 2858 metrum
845 2827 1043 2869 respuebat
1066 2826 1212 2859 facilem
1236 2826 1499 2859 coniecturamz
1532 2821 1657 2858 occidi
1675 2821 1868 2865 pulchrum

374 2883 435 2921 est,
462 2879 522 2913 ubi
546 2880 747 2924 iynmninia
770 2880 916 2915 sere-ias.
