1956 3308
365 251 417 291 28
938 261 1293 292 ruennuousm.

365 362 444 417 pis
474 361 661 403 Adami
692 362 939 414 Sartorii,
971 360 1083 401 unde
1113 359 1168 401 ad
1198 359 1310 402 hunc
1339 375 1473 417 usque
1502 360 1615 402 diem
1646 361 1858 403 Sartorius

365 429 476 469 inter
513 428 698 469 editores
728 426 903 468 Publilii
940 425 1073 468 fuisse
1112 426 1371 482 perhibetur.
1431 427 1538 479 Quis
1577 433 1678 468 vero
1715 427 1858 480 fuerit,

364 495 437 550 qui
466 495 628 550 primus
650 492 825 535 Publilii
850 507 999 534 versus
1022 492 1319 547 Frisingenses
1340 492 1585 549 perpolivit,
1615 508 1694 535 nec
1714 492 1859 535 lectori

365 560 555 617 prodidit
594 559 732 601 editor
767 573 845 599 nec
883 558 1099 613 scaligero
1137 565 1226 600 tum
1266 560 1468 615 temporis
1507 560 1726 614 cognitum
1763 559 1858 602 fuit.

366 627 438 669 Sic
474 628 586 667 enim
624 627 668 666 in
706 624 888 680 epistula
924 625 1004 666 351
1042 625 1098 666 ad
1137 624 1338 667 Carolum
1375 625 1625 667 Labbaeum
1663 627 1858 682 scripsit:

365 694 535 735 ‘Mimos
573 692 643 733 edi
679 690 850 747 plurimi
889 690 1086 744 fecerim,
1124 698 1171 732 ut
1199 690 1397 733 Loiolitis
1428 690 1859 747 Ingolstadiensibus,

365 759 564 801 monstris
601 757 1038 810 maledicentissimis,
1078 772 1123 799 os
1154 757 1397 811 obturetur,
1436 759 1510 813 qui
1538 757 1671 800 multa
1699 772 1766 799 me
1796 758 1858 799 in-

365 826 530 866 dustria
559 825 766 876 omisisse,
797 822 882 864 alia
911 824 1038 864 etiam
1067 825 1336 879 pervertisse·
1354 823 1524 877 dieunt,
1556 823 1727 866 XVIII.
1760 823 1859 867 Kal.

367 892 471 932 Dec.
497 891 634 943 1506’,
659 897 707 932 *et
737 891 782 931 in
813 891 935 946 epist.
964 891 1047 931 360
1076 890 1246 932 ‘Mimos
1277 889 1487 946 publicari
1517 896 1689 946 propter
1719 889 1860 945 Ingol-

364 957 624 999 stadiensem
654 956 994 1013 paedagogulum
1025 958 1246 1013 permagni
1274 957 1398 1011 facio,
1429 958 1502 1013 qui
1523 958 1662 998 omnia
1682 971 1749 998 me
1767 971 1860 1012 per-

365 1025 547 1066 vertisse
577 1023 726 1065 scribit
736 1055 747 1075 ,
779 1037 908 1078 quum
938 1029 1079 1064 tamen
1107 1038 1161 1064 ne
1191 1023 1357 1079 syllaba
1387 1023 1559 1079 quidem
1589 1023 1643 1065 ab
1675 1022 1861 1065 editione

365 1091 600 1133 Pithoeana
636 1089 919 1131 discesserim.
979 1089 1180 1131 Omnium
1210 1089 1488 1132 Loiolitarum
1524 1088 1860 1132 contumeliosis·
1937 1136 1940 1146 y

365 1158 464 1199 simi
492 1155 855 1212 Ingolstadienses
886 1162 998 1197 sunt.
1056 1156 1197 1210 Lugd.
1230 1156 1325 1197 Bat.
1347 1155 1430 1196 III.
1461 1155 1572 1197 Non.
1594 1155 1698 1196 Dec.
1724 1155 1862 1207 1608’,

366 1219 620 1280 quae-verba
640 1223 753 1264 hunc
773 1222 1050 1278 praefationis
1067 1221 1424 1277 Ingolstadiensis
1446 1221 1583 1264 locum
1604 1222 1859 1279 respiciunt:

368 1290 577 1346 ‘Scaliger
612 1291 656 1331 in
691 1289 830 1330 lucem
860 1288 981 1330 dedit
1009 1289 1171 1345 aliquot
1200 1290 1352 1330 mimos
1384 1288 1497 1344 Syri.
1555 1287 1722 1330 Vellem
1751 1288 1860 1329 indi-

366 1364 520 1411 casset,
551 1357 646 1413 quis
676 1355 740 1398 illi
768 1357 813 1397 in
834 1355 934 1411 Syri
964 1355 1153 1398 editione
1183 1355 1341 1397 fundus
1373 1361 1414 1396 et
1444 1369 1621 1411 quorum
1651 1353 1862 1409 exempla·

366 1425 490 1466 rium>
519 1423 647 1464 fidem
693 1428 864 1464 secutus
905 1422 974 1463 sit.
1034 1421 1118 1464 Suo
1156 1421 1334 1463 arbitrio
1374 1420 1480 1463 alios
1523 1422 1673 1463 mimos
1710 1427 1861 1474 mutat,

365 1490 471 1532 alios
501 1490 673 1532 omittit.
731 1489 822 1530 Nec
852 1487 973 1530 deest
1002 1479 1258 1544 exemplum,
1289 1487 1365 1529 ubi
1394 1502 1566 1529 versum
1585 1487 1760 1529 Laberii
1787 1491 1863 1544 pro

367 1557 576 1599 Publiano
607 1556 758 1612 ponit’.

479 1623 547 1664 De
577 1623 656 1664 hac
678 1620 854 1665 Publilii
884 1621 1070 1663 editione
1091 1619 1439 1676 Ingolstadiensi,
1471 1634 1578 1676 quae
1608 1621 1779 1675 saepius
1807 1619 1862 1661 ad
1912 1656 1921 1659 -

368 1690 527 1732 calcem
548 1689 707 1731 Mureti
736 1702 912 1744 operum
942 1688 1126 1743 repetita
1146 1693 1225 1741 est,
1256 1686 1374 1729 velut
1394 1686 1573 1742 Ingolst.
1599 1687 1719 1739 1603,
1746 1686 1862 1737 1608,

369 1757 562 1799 Venetiis
596 1755 716 1806 1618,
747 1754 920 1810 Lipsiae
955 1754 1060 1796 1672
1090 1760 1265 1796 curante
1295 1753 1388 1795 Jae.
1419 1753 1672 1806 Thomasio,
1702 1753 1862 1795 ibidem

373 1824 477 1866 1690
506 1821 747 1878 sumptibus
779 1821 875 1863 Joh.
907 1819 1090 1874 Grossii,
1121 1821 1319 1863 Veronae
1342 1820 1462 1873 1729,
1493 1820 1663 1861 Patavii
1688 1819 1794 1861 1740
1822 1825 1865 1860 et

372 1890 491 1943 1769,
522 1894 745 1945 propterea
775 1887 969 1943 pluribus
998 1886 1228 1929 dicendum
1249 1892 1352 1940 erat,
1384 1886 1483 1942 quia
1503 1891 1568 1926 est
1588 1886 1710 1942 quasi
1730 1884 1864 1926 altera

370 1957 643 2008 Erasmiana,
682 1954 732 1995 id
766 1960 830 1995 est
860 1953 991 1995 editio
1021 1953 1220 2009 princeps
1250 1967 1451 1996 versuum
1481 1967 1507 1994 a
1536 1952 1689 1994 litteris
1719 1951 1869 1993 N-V

368 2022 686 2078 incipientium,
725 2034 803 2061 nec
832 2026 975 2061 tamen
1005 2021 1202 2076 cuiquam
1233 2019 1443 2062 editorum
1472 2019 1780 2071 recentiorum,
1811 2032 1865 2058 ne

370 2089 640 2143 Schweigero
671 2086 844 2142 quidem
874 2087 1057 2141 cognita.
1116 2085 1353 2128 Laudanda
1382 2092 1447 2127 est
1477 2084 1548 2126 vel
1577 2085 1656 2126 hoc
1680 2085 1864 2136 nomine,

370 2154 688 2212 quodslitterae
724 2153 782 2194 H.
824 2152 875 2195 G.
907 2153 950 2194 S·
981 2152 1031 2194 F.
1072 2152 1253 2207 singulis
1296 2152 1494 2194 versibus
1537 2152 1756 2207 appositae
1791 2156 1866 2192 aut

369 2237 454 2263 non
481 2220 703 2277 appositae
733 2218 973 2272 declarant,
1003 2225 1144 2260 utrum
1173 2217 1237 2260 illi
1266 2220 1312 2260 in
1341 2216 1658 2274 exemplaribus
1689 2217 1866 2259 Hem-ici

372 2287 601 2344 Stephani,
641 2284 900 2338 Godofrcdi,
940 2283 1148 2340 Scaligeri
1178 2291 1219 2327 et
1249 2285 1294 2326 in
1322 2283 1470 2326 codice
1499 2283 1763 2338 Frisingensi
1793 2296 1864 2324 ex-

370 2362 462 2397 tent
492 2367 638 2405 necne,
670 2358 712 2393 et
741 2350 854 2407 quod
885 2351 1023 2393 editor
1051 2352 1097 2392 in
1127 2351 1429 2394 commentario
1459 2350 1607 2391 critico
1635 2350 1777 2391 varias
1797 2363 1864 2391 co-

372 2421 482 2463 dicis
502 2419 553 2461 F.
577 2419 781 2461 lectiones
812 2432 865 2459 ex
895 2424 1015 2473 parte
1045 2417 1197 2459 saltem
1227 2418 1431 2459 enotavit.
1491 2416 1576 2459 Sed
1603 2417 1647 2458 in
1668 2415 1865 2458 versibus

371 2485 681 2530 constituendis
711 2483 1087 2540 expurgandisque
1116 2484 1282 2526 mendis
1313 2484 1490 2525 nimium
1521 2497 1614 2525 sese
1631 2481 1866 2538 applicavit

371 2554 532 2597 codicis
562 2553 819 2608 scripturae,
856 2552 916 2592 ita
945 2557 993 2593 ut
1022 2555 1192 2607 postero
1222 2550 1378 2592 editori
1409 2548 1618 2605 permulta
1646 2547 1866 2604 reliquerit

373 2619 575 2672 sananda,
606 2632 685 2660 nec
714 2617 851 2659 levius
882 2616 1083 2658 damnum
1114 2630 1162 2658 eo
1191 2615 1336 2659 attulit
1366 2614 1566 2668 Publilio,
1597 2613 1710 2671 quod
1730 2612 1863 2656 Scali-

372 2702 473 2743 gero
503 2686 730 2729 obsecutus
761 2683 816 2726 ab
846 2698 894 2726 eo
915 2683 1065 2725 ordine
1085 2682 1283 2736 descivit,
1315 2697 1398 2739 quo
1418 2680 1610 2736 singulae
1630 2679 1865 2723 sententiae

373 2755 417 2795 in
453 2751 673 2796 codicibus
711 2751 973 2808 perscriptae
1010 2756 1122 2791 sunt.
1182 2750 1250 2793 Cf.
1286 2749 1399 2791 infra
1434 2746 1601 2803 Proleg.
1641 2760 1733 2802 cap.
1772 2745 1864 2787 1111

371 2820 508 2863 initio.
1820 2863 1826 2866 ‚

483 2885 682 2940 Plerique
717 2885 1015 2940 sospitatorem
1051 2882 1225 2924 alterius
1261 2880 1566 2923 sententiarum
1605 2879 1739 2935 partis
1777 2878 1865 2920 Ja-
1942 2876 1947 2879 ’
