1956 3308
580 248 787 279 PUBLILII
819 249 923 281 SYRI
955 250 1245 282 SENTENTIAE
1252 274 1259 282 .
1626 244 1678 286 67

267 351 462 392 Avarum
492 348 621 391 facile
650 351 812 407 capias,
845 351 920 394 ubi
950 367 1037 394 non
1066 353 1125 394 sis
1153 354 1271 395 item.

268 418 430 459 Amare
462 424 505 459 et
535 432 685 475 sapere
715 419 794 461 vix
824 418 905 461 deo
935 420 1200 463 conceditur.
1302 415 1305 419 ¹

227 529 234 534 ,
266 485 442 527 Avarus
470 486 558 527 nisi
587 500 686 527 cum
715 488 911 541 moritur,
942 487 1005 528 nil
1034 493 1151 530 recte
1181 489 1300 531 facit.

267 554 403 595 Astus
435 553 663 600 cinaedum
694 553 820 607 celat,
850 561 969 597 aetas
999 554 1178 598 indicat.

185 623 237 660 25
267 619 442 662 Avarus
474 620 630 664 damno
661 622 805 678 potius
835 637 965 679 quam
995 624 1169 679 sapiens
1201 623 1331 666 dolet.

266 688 416 730 Avaro
448 688 554 745 quid
583 688 686 730 mali
716 695 839 746 optes
869 690 957 732 nisi
986 690 1122 733 Vivat
1153 690 1259 733 diu?

266 756 428 798 Animo
459 755 627 799 dolenti
655 755 720 798 nil
749 762 919 814 oportet
948 757 1139 800 credere.

266 822 425 865 Aliena
454 824 595 879 nobis,
625 830 774 867 nostra
803 823 901 882 plus
930 824 1029 867 aliis
1060 825 1245 882 placent.

266 891 429 933 Amare
459 892 608 934 iuveni
637 891 805 934 fructus
837 899 917 947 est,
948 894 1112 936 crimen
1142 895 1248 936 seni.

183 963 238 1000 30
266 959 391 1000 Anus
423 973 522 1001 cum
551 958 679 1013 ludit,
708 961 836 1002 morti
867 959 1046 1004 delicias
1076 961 1197 1004 facit.

272 1027 446 1069 Amoris
477 1026 635 1069 vulnus
664 1026 794 1082 idem,
826 1029 903 1085 qui
932 1035 1070 1082 sanat,
1101 1029 1220 1072 facit.

265 1093 339 1135 Ad
368 1094 678 1152 paenitendum
707 1102 911 1152 properat
941 1097 1027 1139 cito
1058 1098 1134 1154 qui
1163 1097 1341 1140 iudicat.

265 1160 456 1204 'Aleator
485 1164 647 1220 quanto
678 1164 725 1205 in
752 1169 845 1206 arte
876 1170 940 1206 est
970 1163 1135 1219 melior,
1165 1171 1286 1208 tanto
1318 1171 1382 1207 est
1411 1166 1606 1221 nequior.

153 1279 334 1307 comens
366 1281 396 1306 v.
420 1269 574 1307 1-341
607 1269 907 1318 PRBFVOEC)

150 1352 252 1396 parte
280 1358 338 1395 sp.
361 1352 442 1385 nat.
465 1348 541 1396 31,
563 1348 643 1385 115
761 1349 904 1397 quando
930 1355 986 1386 est
1026 1350 1129 1387 Vinc.
1160 1362 1216 1399 sp.
1250 1351 1287 1387 d.
1310 1351 1356 1397 5,
1380 1351 1433 1388 10
1547 1351 1677 1388 mulier

151 1408 242 1440 ante
265 1403 359 1440 bona
379 1405 415 1440 B
530 1410 615 1442 tunc
647 1405 751 1442 Vinc.
869 1411 992 1442 tenum
1014 1407 1049 1443 R
1165 1402 1239 1456 est]
1268 1405 1307 1443 fit
1339 1407 1443 1444 Vinc.
1465 1418 1522 1454 sp.
1545 1419 1583 1443 n.
1608 1407 1675 1454 31,

152 1460 246 1507 115,
268 1461 338 1497 erit
357 1462 407 1498 id.
431 1473 490 1508 sp.
512 1463 549 1498 d.
573 1461 612 1508 5,
636 1462 690 1499 10
823 1462 873 1499 21
907 1475 940 1500 v.
965 1462 1016 1499 22
1040 1468 1075 1499 ει
1102 1466 1141 1499 in
1162 1463 1259 1500 PaR
1281 1468 1371 1500 (mle
1393 1475 1426 1500 v.
1452 1463 1523 1508 19,
1546 1463 1601 1499 20
1620 1465 1673 1500 le-

147 1521 294 1565 quntur
426 1518 548 1566 cupias
570 1515 679 1556 FVC
805 1523 845 1555 ut
864 1530 938 1556 non
959 1519 1015 1556 Pb
1143 1520 1229 1556 item
1251 1519 1374 1556 Bothe
1391 1532 1398 1555 ε
1415 1519 1509 1556 idem
1530 1520 1561 1556 L

151 1571 203 1608 22
237 1571 298 1620 Cf.
321 1586 354 1611 v.
380 1575 458 1611 117
566 1580 602 1610 et
623 1587 693 1612 om.
728 1575 756 1611 V
855 1575 923 1612 deo
946 1576 1135 1612 Erasmus
1153 1588 1161 1611 ε
1180 1575 1268 1612 adeo
1291 1577 1349 1613 vel
1368 1587 1387 1611 a
1407 1575 1475 1612 deo
1496 1575 1558 1612 Lc·
1569 1577 1673 1613 Vino.

150 1630 252 1667 Bell.
283 1640 341 1677 sp.
371 1631 406 1666 d.
436 1630 484 1678 4,
518 1631 607 1668 109.
642 1630 735 1667 121.
766 1631 816 1666 Cf.
847 1631 913 1668 Cic.
945 1637 1032 1668 orat.
1064 1632 1112 1678 5,
1144 1632 1206 1668 18.
1325 1631 1377 1669 23
1408 1631 1457 1668 nil
1498 1631 1672 1669 VCVinc.

150 1686 251 1724 Bell.
280 1697 340 1732 sp.
368 1687 405 1723 d.
434 1686 483 1733 4,
508 1686 610 1734 144,
640 1688 858 1724 Erasmus:
880 1688 967 1724 nihil
995 1687 1209 1724 PRBFEC
1319 1692 1457 1724 rectum
1485 1688 1523 1724 B
1550 1699 1672 1736 supra

149 1753 229 1779 scr.
253 1753 335 1779 rec.
357 1755 406 1780 m.
522 1742 575 1779 24
605 1739 627 1763 *
648 1749 746 1780 astus
767 1756 775 1779 ι
799 1748 900 1780 actus
922 1744 970 1791 C,
991 1749 1126 1781 aestate
1145 1744 1298 1787 PbRB,
1320 1749 1490 1780 aestatem
1510 1744 1569 1781 Pa
1592 1747 1674 1782 cod.

149 1799 272 1837 Bern.
294 1803 412 1836 astute
433 1800 541 1837 FVG
560 1801 641 1837 cod.
663 1800 870 1848 Bambery.
891 1806 988 1837 aetas
1009 1801 1203 1838 Pithoeus.
1316 1799 1480 1837 ciuedum
1501 1801 1551 1846 B,
1572 1801 1671 1837 cinae

147 1855 234 1892 dum
261 1855 378 1902 PbR,
410 1867 518 1892 cenae
546 1856 630 1892 dum
658 1857 736 1898 Pa,
766 1867 876 1905 cynae
904 1857 990 1893 dum
1017 1868 1119 1894 corr.
1148 1869 1210 1904 pr.
1241 1869 1288 1893 m.
1319 1857 1435 1893 crines
1464 1856 1548 1892 dum
1569 1856 1677 1894 FVG

150 1911 287 1948 Bamb.
309 1916 347 1949 et
372 1914 484 1949 iidem
511 1912 674 1950 celantur
699 1918 796 1949 aetas
823 1913 1011 1950 indicatur.
1070 1915 1198 1950 Astute
1226 1913 1311 1949 dum
1332 1912 1491 1959 celatur,
1519 1923 1558 1948 se
1579 1918 1673 1949 aetas

148 1967 282 2005 indicat
310 1969 500 2006 Erasmus
614 1968 667 2006 26
698 1969 795 2018 quod
824 1970 861 2005 F
971 1970 1038 2006 nisi
1075 1971 1156 2007 cod.
1188 1970 1357 2006 Gaianas
1384 1969 1551 2006 Bentleii
1558 1985 1569 2005 .·
1605 1970 1672 2006 nisi

150 2029 191 2060 ut
211 2024 312 2061 LEO
340 2025 446 2061 Vinc.
470 2026 569 2062 Bell.
590 2036 649 2072 sp.
671 2027 705 2062 d.
727 2025 775 2071 4,
800 2025 902 2071 144,
933 2031 974 2061 ut
1003 2024 1104 2063 ‘vett
1127 2025 1207 2062 libri
1228 2025 1382 2073 aliquot'
1403 2025 1564 2062 Gruteri

150 2081 242 2116 vivas
264 2080 465 2118 Bentleius
570 2080 622 2117 27
654 2081 703 2118 nil
726 2081 763 2117 B
783 2081 835 2128 (in
857 2093 930 2129 quo
953 2094 984 2119 v.
1010 2081 1073 2118 25.
1088 2081 1162 2118 27.
1185 2082 1235 2118 31
1259 2092 1336 2118 sec.
1358 2093 1406 2117 m.
1429 2081 1549 2118 additi
1566 2081 1667 2130 sunl)

150 2136 363 2173 Erasmus:
401 2137 491 2173 nihil
518 2137 815 2174 PRFVCVinc.
843 2137 942 2174 Bell.
973 2149 1029 2187 sp.
1058 2139 1092 2174 d.
1122 2137 1168 2183 4,
1194 2137 1291 2177 112;
1325 2137 1384 2183 Cf.
1408 2148 1474 2185 pq.
1506 2136 1559 2174 56

149 2192 246 2228 credi
274 2193 311 2229 B
342 2203 423 2230 rec.
454 2205 502 2229 m.
534 2193 672 2230 credier
702 2193 816 2241 Casp.
857 2194 1033 2231 Orellius.
1075 2193 1133 2241 Cf.
1160 2206 1224 2242 pq.
1246 2194 1298 2230 58
1443 2193 1495 2230 28
1533 2205 1591 2230 om
1629 2194 1670 2230 V.

151 2248 359 2286 Salvianus
379 2250 426 2286 de
444 2250 601 2298 gubern.
624 2251 686 2286 dei
708 2251 743 2292 1,
769 2251 821 2287 10
849 2247 906 2286 ‘ut
926 2251 973 2286 ait
994 2250 1072 2286 ille:
1101 2250 1223 2286 Aliena
1244 2249 1328 2286 etc?
1368 2249 1516 2286 Seneca
1544 2251 1590 2285 de
1610 2252 1670 2286 ira

149 2303 199 2352 3,
220 2304 295 2352 31,
322 2306 342 2341 1
372 2303 483 2342 ‘Nulli
511 2305 553 2342 ad
583 2305 694 2342 aliena
723 2307 929 2355 respicienti
958 2317 1021 2342 sua
1048 2306 1217 2354 placent'.
1278 2305 1399 2342 Aliena
1421 2332 1429 2341 .
1452 2333 1461 2342 .
1483 2310 1605 2343 nostra
1628 2334 1636 2341 .
1662 2334 1669 2341 .

147 2360 290 2408 placent
328 2361 554 2404 Salvianus,
592 2363 818 2400 Fabricius:
864 2362 1019 2399 alienum
1042 2390 1049 2398 .
1073 2389 1080 2397 .
1103 2367 1267 2399 nostrum
1290 2390 1299 2398 .
1324 2389 1331 2396 .
1353 2361 1471 2410 placet
1497 2361 1674 2399 PRBFC

147 2417 359 2464 Erasmus,
389 2418 543 2455 alienum
572 2417 676 2455 nobis
700 2418 781 2467 plus
810 2418 886 2455 aliis
915 2418 1068 2468 placabis
1109 2419 1212 2455 Vinc.
1235 2418 1332 2456 Bell.
1360 2429 1417 2465 sp.
1448 2420 1482 2455 d.
1504 2417 1552 2464 4,
1578 2419 1668 2455 119.

262 2474 316 2512 30
346 2474 529 2511 ECVinc.
561 2475 661 2511 Bell.
691 2486 749 2521 sp.
778 2476 812 2511 d.
843 2474 891 2521 5,
915 2475 977 2512 10.
1003 2474 1074 2521 14,
1104 2486 1163 2521 sp.
1195 2479 1274 2511 nat.
1295 2473 1370 2521 31,
1395 2474 1493 2513 115:
1526 2486 1595 2512 om.
1630 2474 1668 2510 V.

261 2530 312 2567 31
345 2535 446 2567 sanat
477 2529 571 2566 idem
614 2531 674 2579 qui
719 2530 804 2567 facit
840 2531 1056 2577 Remmius,
1101 2541 1147 2567 ne
1182 2534 1230 2567 sil
1265 2524 1430 2578 ὕστερον
1464 2524 1668 2579 πρότερον,

147 2585 241 2624 idem
261 2592 362 2624 sanat
383 2587 444 2635 qui
472 2586 557 2622 facit
577 2587 767 2632 Ribbeck,
794 2586 888 2623 idem
918 2587 978 2635 qui
1006 2587 1090 2623 facit
1118 2592 1219 2623 sanat
1240 2588 1365 2624 codex
1386 2586 1666 2634 Grypkismald.

261 2642 314 2681 32
344 2647 518 2692 provocat
538 2643 594 2679 Pb
715 2642 868 2679 vindicat
890 2643 934 2688 C,
966 2643 1019 2690 cf.
1041 2642 1134 2680 254.
1255 2642 1307 2680 33
1339 2647 1472 2690 quanto
1493 2642 1575 2679 Ioa.
1598 2642 1667 2678 Sa-

149 2699 404 2737 resberiensis
423 2699 570 2736 Policr.
594 2699 640 2744 8,
662 2700 708 2744 6,
731 2698 776 2744 G,
801 2699 1010 2736 Erasmus.-
1040 2703 1213 2747 quantum
1235 2698 1320 2742 LE,
1343 2698 1395 2745 cf.
1421 2710 1452 2734 υ.
1475 2696 1555 2734 578

113 2749 120 2757 “
148 2754 274 2792 melior
294 2756 332 2792 B
357 2767 474 2793 manu
502 2766 578 2792 sec.
609 2766 732 2802 supra
762 2765 840 2791 scr.
867 2755 1075 2792 Erasmus.-
1106 2754 1248 2791 doctior
1275 2754 1358 2791 Ιοα.
1380 2753 1535 2790 Saresb.
1565 2753 1666 2790 ‘msa

150 2810 240 2847 sere'
263 2811 430 2857 Crateri,
454 2811 575 2859 dotior
587 2811 625 2857 C,
645 2822 712 2848 om.
731 2810 841 2847 PRF
851 2811 919 2847 VE
992 2806 1112 2859 tanto]
1136 2812 1264 2847 ultima
1284 2812 1413 2846 tinet-a
1431 2820 1452 2845 o
1469 2811 1505 2845 in
1522 2820 1665 2846 rasura

148 2866 204 2911 B,
234 2872 332 2904 tame
350 2868 408 2905 Pb
524 2872 580 2903 cst
607 2867 838 2903 PRFVEC:
869 2868 906 2902 in
929 2877 1072 2903 rasura
1103 2865 1156 2910 B,
1186 2878 1254 2902 om.
1285 2866 1367 2901 Ισα.
1390 2865 1545 2903 Saresb.

149 2923 330 2970 nequitior
349 2923 379 2960 C

1352 2987 1397 3018 ὃ.
