1956 3308
381 233 459 274 100
790 243 991 273 Pussmnn
1023 243 1124 273 svm
1155 243 1458 273 SENTENTJAE.

487 342 569 384 Pro
598 342 709 384 bona
738 342 852 383 fama
880 342 1067 383 maxima
1097 347 1161 382 est
1189 341 1418 383 hereditas.
1586 390 1590 403 Ι

487 408 652 450 Periela
683 409 754 464 qui
784 407 914 449 audet
942 414 1041 449 ante
1071 407 1220 460 vincit,
1252 422 1378 463 quam
1407 408 1578 465 accipit.

377 480 458 517 500
487 475 698 531 Perpetuo
729 475 878 526 vincit,
913 474 987 529 qui
1015 474 1151 515 utitur
1181 473 1417 516 elementia,
1488 493 1492 499 ·

378 554 462 579 Prov.
496 541 675 593 Quidam
711 541 909 594 quosdam
947 541 1091 582 occidit
1126 541 1331 591 inimicos,
1373 554 1457 582 non
1494 542 1594 594 quia
1624 546 1869 593 meruerant,

1166 607 1238 648 sed
1265 607 1367 659 quia
1395 607 1579 648 habebat.

488 673 622 725 Quam
649 675 842 726 iniquum
871 676 929 715 cst
955 673 1152 724 nocuisse,
1184 674 1284 725 quia
1313 674 1447 715 oderis
1476 673 1644 715 laedere.

405 745 456 781 60
489 739 699 791 Quantum
729 741 915 792 iniquius
944 740 1085 790 odisse,
1116 740 1217 791 quia
1247 739 1423 780 laeseris.

489 805 623 857 Quam
653 819 904 859 maynarum
932 806 1087 847 virium
1116 809 1173 847 est
1200 806 1403 859 neyleyere
1433 805 1664 847 laedentm.

489 872 569 924 Qui
598 873 707 914 enim
735 872 930 922 vindicat,
961 873 1091 913 sentit.

488 939 598 990 Quid
623 940 682 980 sis
709 940 884 989 interest,
915 951 1000 979 ‘non
1029 939 1131 990 quid
1156 938 1360 980 habearis.

490 1005 689 1056 Quamvis
719 1018 841 1058 ayas,
879 1007 926 1046 ut
952 1017 1003 1046 ne
1032 1005 1125 1057 quis
1152 996 1296 1046 meritc
1324 1007 1392 1046 tuo
1422 1008 1458 1046 te
1486 1005 1631 1056 oderit,
1662 1008 1782 1046 crunt
1809 1008 1871 1047 ta-

1169 1084 1262 1112 men
1288 1083 1445 1124 semper
1474 1072 1546 1124 qui
1574 1072 1748 1113 oderint.

407 1143 457 1179 65
492 1137 626 1189 Quam
655 1151 854 1191 maynum
882 1141 940 1179 est
966 1151 1051 1179 mm
1081 1138 1251 1179 laudari
1280 1140 1318 1178 et
1345 1150 1426 1179 esse
1455 1137 1716 1179 laudabilem.

491 1204 571 1256 Qui
598 1218 833 1246 succurrere
854 1205 1043 1257 perituro
1064 1207 1208 1257 potest,
1239 1217 1331 1245 cum
1359 1216 1443 1245 non
1470 1205 1684 1254 succurrit,
1716 1205 1872 1245 occidit.

487 1270 597 1322 Quid
625 1274 681 1312 est
709 1271 867 1312 homini
895 1270 1259 1312 inimicissimum?
1287 1271 1391 1313 alter
1418 1270 1547 1311 homo.

486 1336 599 1388 Quae
626 1340 723 1379 sunt
752 1338 961 1378 maximae
989 1336 1190 1378 divitiae?
1217 1350 1302 1378 mm
1330 1337 1562 1378 desiderare
1591 1337 1772 1378 divitias.

485 1402 586 1454 Quis
605 1404 841 1456 plurimum
868 1403 1016 1444 habet?
1045 1404 1082 1444 is
1113 1404 1184 1455 qui
1212 1404 1433 1444 minimum
1462 1404 1583 1456 eupit.

405 1475 457 1510 70
490 1469 600 1520 Quid
627 1473 684 1511 est
711 1470 813 1511 dare
842 1469 1108 1523 beneficium?
1136 1470 1300 1511 imitari
1328 1470 1458 1511 deum.

490 1535 591 1588 Quis
619 1539 677 1578 est
696 1536 892 1590 pauper?
920 1539 993 1588 qui
1020 1536 1100 1577 sibi
1127 1536 1288 1577 videtur
1316 1535 1437 1577 dives.

842 1647 863 1664 Χ

373 1729 548 1756 comens
570 1731 603 1755 v.
625 1717 866 1755 450—500:
889 1718 926 1754 F
943 1716 1021 1764 (T),
1053 1716 1219 1753 Proverb.
1241 1717 1351 1754 PRF
1367 1716 1459 1764 (Ec)

482 1817 561 1855 498
594 1817 652 1864 Cf.
685 1830 717 1854 v.
747 1816 810 1854 62.
839 1817 905 1854 83.
936 1817 1028 1853 217.
1060 1817 1244 1853 Menand.
1266 1817 1427 1853 Monost.
1449 1815 1528 1853 285
1558 1815 1684 1860 καλῶς
1711 1810 1874 1854 ἀκούειν

370 1871 517 1920 μᾶλλον
545 1863 570 1919 ἢ
597 1872 780 1908 πλουτεῖν
807 1869 898 1908 θέλε
1030 1871 1109 1909 499
1140 1872 1270 1920 pericla
1298 1872 1440 1908 Bothe.-
1477 1872 1631 1919 pericula
1659 1873 1696 1908 F
1813 1874 1872 1921 qui

372 1925 496 1978 audet]
517 1928 660 1965 timidus
683 1929 804 1965 Bothe
918 1927 999 1965 500
1029 1927 1140 1964 Gaec.
1164 1928 1275 1965 Balb.
1296 1927 1450 1964 Monac.
1471 1927 1539 1974 48,
1562 1928 1600 1974 7,
1618 1940 1681 1976 py.
1705 1927 1756 1965 34
1779 1927 1872 1965 ‘cle-

377 1986 505 2021 mentia
526 1988 700 2032 perpetuo
721 1984 827 2019 vincit
847 1984 907 2031 qui
928 1984 1070 2019 utitur?
1184 1988 1358 2031 perpetuo
1378 1983 1576 2029 Pithoeus,
1597 1983 1766 2029 Inyolst..·
1794 1994 1873 2031 per·
1921 2022 1924 2030 ,

372 2047 480 2088 petue
514 2040 546 2075 F
673 2039 724 2076 58
756 2038 884 2075 occidit
911 2039 1001 2075 PR.-
1032 2038 1198 2074 occidunt
1217 2039 1255 2074 F
1370 2035 1393 2059 ’¹‘
1413 2049 1484 2074 non
1507 2066 1516 2075 .
1541 2066 1549 2074 .
1574 2066 1583 2075 .
1605 2037 1771 2075 hahebat:
1800 2050 1873 2075 non
1922 2031 1923 2034 ¹

372 2096 452 2143 quia
481 2094 629 2131 habebat
658 2094 762 2141 (PR;
793 2093 966 2130 habebant
987 2094 1040 2140 F,
1070 2093 1218 2129 habeant
1248 2089 1441 2141 Godos'r.),
1472 2094 1535 2130 sed
1565 2094 1644 2142 quia
1674 2099 1874 2130 meruerant

372 2152 441 2194 (sic
462 2151 505 2195 F,
530 2155 705 2186 meruerat
727 2150 836 2196 PaR,
859 2155 1009 2185 mererat
1030 2150 1099 2195 Pb,
1122 2154 1327 2185 meruerunt
1349 2147 1519 2195 Godofr.)
1538 2149 1569 2185 L
1677 2149 1728 2186 59
1759 2150 1874 2186 inimi-

372 2218 450 2241 cum
480 2211 534 2242 est
563 2217 597 2241 n.
629 2205 682 2241 vel
704 2216 738 2253 q.
763 2205 919 2252 Godofr.
1035 2204 1088 2242 50
1119 2203 1175 2251 Cf.
1201 2205 1290 2240 Tac.
1313 2205 1402 2252 Aqr.
1425 2203 1477 2240 42
1507 2203 1704 2252 ‘proprium
1733 2204 1873 2241 humani

372 2262 504 2309 ingenii
534 2267 590 2296 est
620 2261 758 2305 ooisse,
788 2271 891 2308 quegn
922 2259 1095 2296 laeseris?
1209 2265 1378 2307 quantum
1399 2260 1448 2295 L.-
1477 2262 1601 2296 malim
1628 2265 1760 2308 quanto
1789 2271 1873 2296 cum

373 2316 531 2363 Godosr.
666 2316 821 2363 iniquius
841 2315 957 2351 PaR:
985 2315 1128 2362 iniquus
1149 2315 1195 2360 F,
1217 2315 1374 2362 iniquum
1395 2320 1451 2351 est
1470 2315 1558 2352 Pho
1688 2315 1737 2352 61
1769 2326 1871 2364 quam

372 2383 440 2408 om.
462 2371 505 2407 M
526 2370 576 2407 22
693 2370 744 2407 63
786 2371 890 2407 Vinc.
917 2371 1014 2406 Bell.
1036 2381 1092 2416 sp.
1114 2371 1149 2406 d.
1173 2370 1212 2415 5,
1234 2370 1301 2416 67,
1321 2370 1365 2407 M
1383 2369 1432 2406 21
1557 2371 1636 2418 quis
1656 2371 1705 2406 sis
1727 2370 1762 2416 B

375 2426 426 2463 64
461 2427 617 2475 quamvis
638 2426 680 2462 L.
713 2426 816 2463 Vinc.
839 2427 885 2462 B.
913 2437 971 2472 sp.
999 2427 1033 2462 d.
1055 2425 1102 2472 4,
1125 2426 1222 2463 135:
1251 2425 1287 2462 id
1307 2426 1349 2462 M
1369 2424 1420 2463 26
1541 2422 1663 2476 erunt]
1692 2424 1872 2470 Quaerunt

369 2482 407 2518 F
423 2484 528 2518 initio
550 2492 683 2518 versus
796 2481 948 2517 oderunt
969 2480 1004 2517 R
1125 2481 1176 2518 65
1208 2479 1276 2517 EC
1303 2482 1406 2518 Vinc.
1430 2482 1529 2518 Bell.
1549 2491 1606 2528 sp.
1626 2482 1662 2518 d.
1683 2481 1721 2527 5,
1744 2481 1810 2527 69,
1830 2479 1876 2517 M

371 2537 423 2574 38
539 2548 642 2585 quam
663 2532 847 2586 magnum]
869 2535 1000 2573 bonum
1018 2537 1060 2573 M
1171 2532 1262 2586 non]
1286 2536 1377 2572 velle
1393 2536 1423 2573 C
1532 2536 1583 2573 66
1624 2537 1727 2573 Vinc.
1744 2536 1792 2572 B.
1812 2546 1870 2583 ⁸1¹·

371 2594 407 2629 (Ι.
429 2592 468 2639 4,
491 2592 540 2630 67
664 2592 739 2628 odit
763 2593 797 2628 F
925 2592 975 2629 67
1007 2592 1101 2628 hom.
1125 2593 1220 2628 inim.
1242 2591 1360 2637 PRE,
1381 2592 1426 2629 M
1441 2591 1486 2628 5:
1518 2592 1553 2628 iu
1574 2591 1668 2629 hom.
1690 2591 1756 2628 Fe

372 2649 423 2685 68
455 2658 602 2696 magnae
623 2647 669 2683 M
684 2647 736 2684 45
881 2647 931 2684 69
963 2648 1043 2696 quis
1063 2660 1132 2684 om.
1167 2648 1267 2684 Vinc.
1291 2648 1338 2684 B.
1369 2658 1424 2694 sp.
1445 2648 1480 2684 d.
1502 2646 1548 2693 5,
1570 2646 1620 2683 77
1750 2646 1781 2682 is
1801 2658 1870 2683 om.

383 2705 485 2740 Vinc.
508 2703 556 2739 B.
577 2714 633 2749 sp.
656 2704 692 2740 d.
714 2702 753 2750 5,
778 2703 844 2749 76,
866 2703 907 2739 Μ
926 2702 978 2740 46
1113 2703 1165 2740 70
1194 2702 1236 2738 M
1255 2702 1307 2740 47
1430 2702 1478 2738 71
1511 2701 1607 2738 dives
1626 2700 1736 2738 PRF
1763 2701 1866 2738 Vino.

373 2759 420 2795 B.
451 2770 507 2805 sp.
536 2760 572 2795 d.
601 2758 647 2804 5,
671 2758 739 2796 76:
770 2758 867 2795 dives
897 2769 968 2795 non
997 2758 1136 2795 videtu‘r
1164 2759 1210 2805 0,
1239 2760 1382 2795 rectius
1408 2768 1477 2794 om.
1508 2756 1551 2793 M
1570 2756 1635 2794 60.
1695 2755 1752 2804 Cf.
1782 2757 1870 2794 Sen.

374 2825 464 2850 rem.
484 2814 578 2861 fort.
601 2814 665 2860 10,
684 2814 703 2849 1
728 2812 878 2862 ‘pauper
897 2825 949 2862 es,
971 2815 1051 2862 quia
1072 2812 1232 2860 videris',
1255 2813 1319 2859 16,
1343 2812 1394 2850 10
1414 2811 1512 2848 ‘felix
1534 2817 1603 2858 est,
1624 2823 1694 2848 non
1716 2812 1776 2860 qui
1795 2811 1870 2848 anis

370 2868 522 2914 videtur,
542 2869 603 2905 sed
626 2870 685 2917 qui
706 2868 800 2905 sihi?
