1956 3308
798 263 861 295 DE
890 262 1108 295 molemus.
1632 258 1710 300 137

246 373 283 410 7.
316 367 489 425 Specta,
520 366 638 424 quod
667 372 711 409 te
740 380 974 422 numquam
1004 366 1238 423 paeniteat.

246 441 285 479 8.
316 435 415 478 Non
444 449 573 492 quam
603 433 750 476 multis
781 433 975 491 placeas,
998 433 1076 476 sed
1107 434 1308 491 qualibus
1339 434 1478 477 stude.

245 509 283 546 9.
316 503 370 545 In
387 503 469 545 hoc
481 506 654 555 (tamen)
669 501 886 555 incumbe,
901 508 950 543 ut
970 500 1176 544 libentius
1196 501 1348 545 audias
1361 517 1490 560 quam
1506 502 1708 561 loquaris.

221 576 283 614 10.
313 569 474 614 Multos
505 570 641 612 vitam
671 569 918 612 differentes
938 583 1052 611 mors
1074 569 1239 612 incerta
1258 571 1507 627 praevenit:
1538 571 1711 627 (itaque)

315 638 453 681 omnis
486 636 579 680 dies
609 636 730 680 velut
757 636 936 680 ultimus
967 635 1226 679 iudicandus
1257 644 1335 680 est.

173 747 178 751 ,
219 711 284 749 11.
315 705 582 759 Tristitiam,
613 705 651 746 si
682 710 826 762 potes,
857 718 912 746 ne
940 703 1193 759 admiseris,
1225 706 1263 747 si
1293 705 1452 759 minus,
1483 720 1537 747 ne
1567 711 1708 748 osten-

321 773 452 815 deris.
1664 767 1667 771 ’

219 847 283 884 12.
313 841 490 883 Amicos
519 846 686 882 secreto
714 841 911 893 admone,
944 839 1086 897 palam
1115 838 1257 881 lauda.

218 915 280 952 13.
311 908 460 951 Verba
478 907 632 963 rebus,
663 922 751 950 non
779 907 974 965 personis
1006 907 1277 949 aestimanda
1306 914 1422 950 sunt.

218 981 282 1020 14.
315 977 543 1020 Oratorem
581 981 626 1018 te
661 981 790 1033 puta,
837 976 874 1017 si
910 974 994 1018 tibi
1028 981 1129 1018 ante
1165 989 1312 1018 omnes
1321 1009 1333 1031 ‚
1374 975 1489 1032 quod
1527 982 1708 1033 oportet,

316 1043 598 1103 persuaseris.

218 1118 282 1156 15.
314 1111 378 1155 Ut
413 1110 640 1154 licentiosa
675 1111 891 1168 mancipia
927 1111 1062 1153 animi
1099 1111 1280 1168 imperio
1321 1125 1470 1154 coerce
1500 1111 1706 1168 linguam,

315 1186 526 1234 ventrem,
558 1178 800 1221 libidinem.

218 1254 281 1291 16.
312 1247 440 1301 Quod
477 1248 656 1290 tacitum
686 1245 796 1288 velis
826 1259 943 1301 esse,
981 1247 1144 1288 nemini
1183 1245 1363 1293 dixeris.
1425 1246 1471 1289 Si
1501 1246 1583 1289 tibi
1620 1247 1705 1304 ipsi

288 1330 399 1376 =non
427 1315 667 1372 imperasti,
698 1313 913 1371 quomodo
942 1313 998 1355 ab
1027 1313 1126 1356 aliis
1162 1313 1381 1355 silentium
1413 1313 1595 1370 speras?

218 1388 281 1426 17.
311 1382 561 1426 Ridiculum
600 1388 665 1425 est
693 1381 881 1439 aliquem
911 1380 1010 1424 odio
1039 1382 1234 1424 nocentis
1265 1382 1556 1424 innocentiam
1587 1396 1707 1424 suam

316 1449 511 1508 perdere.

217 1523 282 1562 18.
314 1518 511 1561 Monstro
542 1517 698 1560 similis
728 1523 795 1559 est
822 1517 1010 1559 avaritia
1040 1516 1205 1559 senilis.
1257 1516 1377 1569 Quid
1398 1517 1513 1558 enim
1534 1515 1708 1559 stultius

314 1592 395 1640 est,
426 1599 556 1642 quam
586 1586 659 1628 via
689 1584 917 1628 deficiente
947 1585 1157 1627 viaticum
1187 1583 1379 1641 augere?

185 1760 269 1798 est'.
331 1758 416 1797 God.
439 1760 564 1796 Paris.
585 1762 653 1797 lat.
674 1759 783 1797 4841
805 1769 908 1796 saec.
931 1759 1012 1806 IX,
1043 1769 1153 1807 quem
1172 1762 1211 1795 in
1231 1769 1337 1807 seqq.
1357 1760 1488 1796 littera
1509 1758 1709 1805 Pnotam',

186 1814 259 1866 (of.
279 1817 466 1865 Philoloy
500 1815 607 1863 VIII,
633 1815 713 1854 184
734 1815 804 1864 sq.)
842 1814 1012 1852 Libenter
1037 1815 1092 1851 fac
1113 1815 1210 1863 quod
1231 1827 1267 1852 n.
1289 1820 1364 1857 esu
1395 1815 1428 1851 d.
1451 1827 1484 1863 p.
1509 1827 1539 1851 v.
1561 1816 1708 1852 Auson.

196 1874 275 1911 VII
297 1883 384 1920 sap.
416 1872 462 1920 4,
484 1872 510 1909 4
641 1872 663 1910 7
695 1869 720 1894 *
741 1871 900 1921 Specta:
922 1876 1090 1920 exspecta
1116 1872 1226 1918 libri,
1262 1876 1407 1920 expetas
1437 1871 1584 1908 Haase.
1646 1870 1706 1917 Cf.

185 1931 294 1968 Pabl.
317 1929 410 1978 Syn·
427 1933 522 1967 sent.
547 1928 648 1976 111,
671 1929 854 1966 Periand.
877 1939 940 1976 ap.
962 1928 1072 1976 Dioy.
1094 1928 1223 1964 Laert.
1247 1928 1292 1974 1,
1314 1927 1366 1964 97
1397 1925 1541 1976 πρᾶττε
1569 1917 1709 1974 ἀμετα-

183 1982 330 2036 μέλητα
428 1985 453 2023 8
484 1985 680 2023 Martinus
702 1985 918 2022 Βιιηιίεηεις
937 1986 983 2021 de
999 1984 1115 2032 form.
1137 1985 1224 2021 laon.
1248 1987 1347 2021 tilae
1368 1982 1585 2030 2‚11‘nec
1605 1994 1709 2031 quam

186 2043 308 2079 multis
335 2041 398 2078 sed
420 2041 587 2090 qualibus
607 2041 768 2090 placeas,
798 2040 934 2089 cogita’
1053 2041 1105 2077 10
1134 2036 1274 2090 itaque]
1303 2042 1496 2087 posterior
1522 2042 1710 2076 sententia

185 2111 261 2137 non
289 2099 473 2136 cohaeret
501 2109 587 2135 cum
614 2101 769 2144 priore.-
799 2099 866 2134 illa
897 2099 993 2133 enim
1022 2107 1074 2133 ex
1098 2101 1214 2143 poeta
1244 2097 1371 2144 aliquo
1397 2099 1517 2143 petita
1547 2100 1602 2132 est
1623 2095 1708 2142 (vid.

184 2156 336 2203 Proley.
353 2166 419 2203 pq.
441 2152 531 2202 35),
558 2154 658 2191 haec
686 2159 744 2190 esc
766 2153 939 2191 Senecae
968 2155 1077 2199 epist.
1102 2153 1174 2199 12,
1196 2152 1221 2189 8
1252 2153 1390 2201 ‘itaque
1418 2153 1470 2189 sic
1491 2151 1709 2188 ordinandus

185 2218 242 2249 est
270 2211 346 2248 dies
375 2211 510 2256 omnis,
542 2215 720 2259 tamquam
749 2215 855 2259 cogat
885 2209 1043 2258 agmeu’.
1104 2208 1224 2246 Simili
1242 2210 1347 2247 modo
1369 2209 1567 2246 abundant
1581 2210 1707 2255 parti-

186 2270 300 2306 culae
321 2272 439 2304 tamen
460 2266 483 2313 S
505 2267 544 2312 9,
566 2268 660 2304 enim
681 2266 745 2314 (al.
764 2265 898 2312 autem)
918 2266 941 2312 S
963 2265 1003 2313 4,
1025 2276 1114 2314 ergo
1135 2265 1158 2312 S
1181 2264 1233 2302 28
1255 2271 1291 2302 et
1313 2265 1380 2311 56,
1399 2265 1570 2312 fortasse
1590 2265 1710 2312 itaque

185 2326 209 2372 S
231 2324 255 2360 2
357 2323 406 2360 11
439 2323 658 2360 Periander
678 2335 742 2371 ap.
765 2323 866 2360 Stob.
886 2324 972 2370 flor.
996 2322 1035 2368 3,
1059 2322 1127 2368 79,
1150 2322 1193 2358 7:
1226 2317 1430 2370 δυστυχῶν
1451 2314 1597 2367 κρύπτε

188 2379 238 2418 12
272 2377 330 2428 Cf.
351 2380 495 2417 Auson.
530 2379 605 2417 VII
623 2389 711 2427 sap.
731 2384 827 2417 sent.
852 2379 889 2424 5,
911 2378 937 2414 4
1056 2378 1106 2415 13
1138 2377 1224 2415 Seu.
1249 2381 1358 2426 epist.
1385 2377 1449 2424 12,
1475 2378 1522 2414 11
1555 2376 1708 2421 ε1111511,

185 2437 246 2486 qui
267 2437 303 2473 iu
325 2434 430 2473 verba
451 2436 590 2482 iurant,
621 2446 687 2473 nec
708 2435 793 2485 quid
814 2435 953 2472 dicatur
972 2435 1183 2481 aestimant,
1213 2434 1276 2471 scd
1297 2447 1316 2470 a
1340 2434 1428 2483 quo’
1433 2461 1442 2469 .
1501 2433 1605 2470 Male
1627 2434 1708 2469 cod.

185 2495 327 2542 aliquis
346 2493 474 2529 Paris.
497 2504 563 2541 pro
591 2490 698 2529 rebus
727 2503 799 2529 non
821 2502 888 2541 pro
909 2491 1007 2528 sonis
1126 2490 1177 2526 14
1209 2490 1269 2527 tibi
1291 2491 1357 2539 ipsi
1380 2491 1486 2527 codd.
1507 2500 1587 2526 rec.
1610 2490 1712 2537 qaod

184 2551 390 2598 irrepsisse
426 2549 575 2586 videtur
604 2559 656 2587 ex
683 2548 707 2596 S
739 2549 789 2586 16
925 2560 930 2565 ·
974 2547 1023 2583 15
1055 2547 1161 2583 animi
1190 2543 1359 2596 imperio]
1391 2548 1462 2583 acri
1489 2546 1635 2594 ingenio
1663 2546 1708 2591 P,

185 2606 257 2644 acri
277 2606 382 2642 animi
410 2605 559 2654 imperio
582 2607 744 2643 coniecit
765 2605 804 2642 C.
835 2603 1016 2642 Schenkl.
1078 2602 1136 2650 Cf.
1157 2603 1265 2650 infra
1294 2602 1317 2650 S
1343 2602 1421 2639 117
1566 2602 1616 2637 16
1649 2601 1709 2648 Cf.

185 2663 326 2700 Auson.
359 2661 436 2699 VII
454 2662 548 2708 Sap.
573 2662 618 2708 7,
641 2661 677 2700 3.
707 2661 890 2698 Proverb.
916 2659 967 2697 75
997 2669 1119 2706 supra
1143 2671 1209 2707 pq.
1236 2659 1335 2705 101,
1366 2663 1400 2695 et
1421 2659 1530 2695 Lact.
1561 2660 1644 2694 inst.
1669 2658 1708 2702 6,

186 2718 240 2757 23
260 2717 438 2768 ‘iniquum
459 2724 528 2765 est,
552 2723 591 2754 111
611 2718 646 2755 id
668 2718 804 2766 exigas,
822 2716 919 2765 quod
941 2721 1121 2764 praestare
1142 2716 1219 2763 ipse
1241 2726 1312 2751 non
1336 2715 1469 2763 possis'
1560 2714 1609 2750 17
1633 2709 1707 2763 est]

187 2775 281 2812 enim
302 2776 448 2813 addunt
469 2774 567 2820 GbS,
588 2776 634 2812 de
655 2784 729 2823 quo
754 2774 834 2810 vide
856 2773 1138 2810 adnotationem
1159 2773 1211 2807 ad
1229 2770 1253 2817 S
1278 2772 1330 2808 10
1448 2770 1496 2807 18
1530 2769 1604 2807 Cic.
1628 2770 1707 2806 Cat.

186 2833 273 2869 mai.
298 2831 365 2879 18,
387 2831 439 2869 66
461 2829 630 2868 ‘Avaritia
658 2830 779 2866 senilis
801 2829 886 2878 quid
915 2828 983 2866 sibi
1013 2827 1095 2864 velit
1124 2839 1196 2864 nou
1221 2827 1403 2876 intellego.
1463 2826 1588 2862 Potest
1615 2826 1708 2862 enim

187 2885 380 2936 quidquam
408 2881 488 2925 esse
517 2887 726 2934 absurdius,
757 2896 861 2935 quam
891 2897 963 2935 quo
994 2885 1068 2922 viae
1097 2885 1212 2922 minus
1242 2889 1374 2931 restat,
1411 2894 1454 2920 eo
1483 2882 1564 2933 plus
1594 2882 1709 2919 viatici

188 2953 362 2993 quaerere
373 2943 404 2980 Ῥ
