1956 3308
381 230 435 275 520
582 219 587 222 ξ
674 269 678 274 ,
952 241 1308 275 PROLEGOMENA.

381 344 490 386 liber
527 344 887 401 proverbiorum’‚
926 345 954 385 i.
993 359 1027 384 e.
1066 344 1301 385 sententiae
1340 341 1536 396 Publilii,
1577 340 1730 397 quibus
1767 339 1876 383 aliae

380 418 522 452 tamen
552 411 813 467 irrepserunt
842 425 896 451 ex
924 410 1020 452 aliis
1042 409 1287 452 auctoribus
1309 409 1570 465 desumptae.
1620 408 1715 449 Hoc
1733 414 1875 449 autem

379 479 423 518 in
453 477 600 518 codice
630 476 847 531 singulare
878 482 964 530 est,
1004 475 1116 532 quod
1147 476 1227 518 sub
1256 476 1382 516 finem
1412 475 1734 531 proverbiorum
1763 473 1874 515 litte-

379 559 451 585 rae
491 544 531 586 V
554 544 711 598 viginti
742 543 831 583 fere
861 543 1096 584 sententiae
1125 541 1377 583 subiunctae
1407 548 1505 583 sunt
1514 573 1525 595 ,
1564 540 1719 596 partim
1749 539 1874 596 pede-

381 618 511 663 stres,
550 609 696 650 decem
728 608 1017 663 Publilianae,
1048 609 1299 664 mediusque
1329 608 1394 650 his
1425 609 1608 649 insertus
1639 620 1789 648 versus
1821 606 1875 660 (si

381 676 505 718 modo
534 690 685 717 versus
716 676 797 731 est)
828 682 1000 718 nostrae
1031 674 1231 716 editionis
1262 674 1365 728 638,
1396 673 1610 730 prioribus
1641 672 1876 715 editoribus

381 746 566 797 ignotus.

492 810 582 851 Iam
611 823 766 864 agmen
797 808 997 849 claudant
1026 809 1057 849 ii
1087 807 1270 862 codices,
1303 808 1375 863 qui
1405 822 1430 848 a
1459 806 1672 863 prioribus
1702 804 1875 847 Publilii

381 875 614 917 editoribus
645 875 830 916 adhibiti
860 881 973 916 sunt.
1660 863 1666 867 i
1763 909 1766 912 ,

493 941 675 983 Codex
706 941 934 994 Erasmi,
967 941 1083 982 cuius
1114 940 1168 981 ad
1199 940 1326 981 fidem
1347 941 1439 996 ipse
1469 939 1700 981 editionem
1719 938 1875 995 princi-

382 1023 477 1065 pem
508 1009 688 1049 curavit.
740 1007 851 1048 Eum
881 1021 975 1048 esse
1005 1022 1060 1048 ex
1089 1009 1156 1060 iis,
1189 1021 1292 1063 quos
1322 1006 1541 1048 Bentleius
1572 1020 1626 1047 ex
1653 1004 1875 1047 Cantabri-

379 1076 476 1130 giae
504 1073 778 1116 bibliothecis
808 1075 964 1130 petitos
994 1074 1088 1130 ipse
1117 1075 1322 1127 versavit,
1354 1071 1480 1113 valde
1509 1073 1601 1113 veri
1630 1071 1769 1112 simile
1798 1077 1874 1112 est.

491 1141 673 1183 Codex
702 1139 1106 1193 Panthaleonis,
1140 1141 1339 1196 ‘scriptus
1369 1145 1468 1180 ante
1497 1137 1659 1194 aliquot
1689 1136 1873 1188 saccula,

382 1208 558 1265 pulvere
588 1212 630 1248 et
659 1207 785 1247 tineis
817 1206 906 1247 fere
935 1208 1190 1262 corruptus',
1221 1212 1268 1247 ut
1297 1207 1389 1263 ipse
1417 1204 1522 1246 dicit
1551 1205 1595 1246 in
1615 1203 1878 1261 praefatione

382 1275 582 1316 editionis
612 1288 723 1314 anno
759 1273 864 1315 1544
892 1273 937 1314 in
967 1272 1103 1314 lucem
1135 1266 1326 1314 emissae.

495 1340 592 1381 Duo
622 1339 830 1381 codices
853 1338 907 1381 G.
931 1339 1194 1392 Fabricii,
1225 1340 1270 1380 in
1291 1353 1469 1395 quorum
1490 1337 1623 1379 altero
1644 1336 1878 1379 Proverbia

382 1407 569 1449 Senecae
606 1405 810 1447 videntur
846 1406 1007 1462 scripta
1035 1406 1188 1460 fuisse3
1231 1405 1412 1447 alterum
1442 1405 1508 1446 his
1540 1404 1685 1446 verbis
1715 1403 1876 1458 signifi-

382 1474 517 1514 cavit:
556 1473 908 1527 ‘manuscriptum
918 1504 929 1525 ,
961 1473 1007 1513 in
1036 1487 1118 1529 quo
1147 1471 1376 1514 multorum
1405 1470 1607 1513 collectae
1636 1476 1756 1511 erant
1784 1483 1877 1510 sen·

380 1540 572 1581 tentiae'.

493 1605 718 1647 Codices
755 1604 1011 1658 Palatini,
1051 1605 1106 1647 ad
1144 1620 1248 1662 quos
1279 1601 1754 1647 Gruterusidentidem
1784 1617 1875 1658 pro·

384 1679 520 1726 vocat,
552 1670 722 1713 saeculo
743 1671 873 1713 XIII.
896 1672 965 1712 vel
987 1672 1110 1713 XIV.
1141 1686 1226 1714 non
1255 1672 1512 1714 vetustiores
1542 1669 1745 1712 censendi
1762 1675 1877 1721 sunt,

383 1740 494 1780 sicut
523 1737 741 1792 colligitur
771 1752 825 1779 ex
843 1737 1271 1795 interpolationibus.
1330 1739 1493 1779 Horum
1523 1738 1655 1792 igitur
1681 1750 1762 1792 ope
1782 1750 1875 1776 eum

383 1804 510 1846 facile
539 1818 684 1846 carere
714 1805 938 1860 possimus,
969 1819 1077 1846 unus
1107 1811 1293 1857 tantum,
1326 1805 1399 1860 qui
1429 1803 1658 1858 indagetur
1686 1809 1728 1844 et
1755 1816 1878 1843 acen*

382 1873 516 1913 ratius
548 1872 809 1925 excutiatur,
848 1886 934 1913 non
962 1871 1088 1927 plane
1118 1870 1320 1926 indignus
1351 1876 1436 1923 est,
1474 1883 1569 1911 eum
1600 1869 1717 1922 dico,
1756 1869 1877 1909 cuius

383 1939 640 1979 mentionem
671 1937 775 1979 fecit
805 1937 1015 1979 Gruterus
1045 1937 1099 1979 ad
1132 1951 1173 1978 v.
1194 1938 1262 1991 35,
1293 1942 1335 1978 et
1365 1950 1490 1992 quem
1520 1934 1700 1977 eundem
1730 1935 1774 1975 in
1803 1934 1876 1974 ad-

382 2004 672 2047 notationibus
702 2004 759 2045 ad
788 2019 831 2046 v.
861 2005 915 2046 39
945 2011 987 2046 et
1021 2004 1098 2046 146
1128 2004 1370 2069 significare
1400 2002 1584 2044 videtur.

496 2070 744 2113 Codexb
714 2070 1039 2123 &Amandss
1077 2071 1196 2112 euius
1224 2069 1429 2111 meminit
1467 2068 1704 2125 Dionysius
1734 2067 1878 2109 Godo-

383 2137 529 2179 fredus
559 2138 603 2178 in
633 2136 822 2180 editione
852 2137 1038 2180 Senecae
1067 2151 1177 2178 anno
1210 2137 1316 2179 1590
1345 2137 1538 2178 emissae.

496 2202 718 2246 Codices
758 2203 990 2245 Bentleii
1019 2209 1240 2259 quattuor,
1272 2203 1574 2255 Cottonianus,
1606 2176 1877 2252 Sidneianus,

384 2275 522 2316 codex
542 2274 694 2316 Caiani
724 2278 766 2313 et
795 2270 933 2312 codex
962 2268 1131 2345 collegii
1154 2269 1310 2312 Trinit.
1333 2268 1534 2310 Cantabr.
1567 2273 1745 2323 excepto
1775 2281 1816 2307 ν.
1838 2267 1878 2307 9.

387 2341 600 2396 (quicquid
635 2354 711 2395 pro
748 2352 816 2390 eo,
854 2336 967 2392 quod
1004 2337 1047 2377 in
1085 2335 1261 2391 reliquis
1298 2334 1420 2389 libris
1451 2335 1656 2390 scriptum
1686 2340 1751 2375 est
1780 2334 1881 2385 quid

384 2408 452 2448 vel
484 2407 610 2461 quod)
651 2404 758 2446 nihil
788 2404 878 2444 fere
907 2403 1009 2444 boni
1039 2402 1219 2454 habent,
1258 2402 1342 2442 nisi
1372 2387 1486 2457 quod
1515 2402 1560 2442 in
1588 2400 1747 2442 nostris
1777 2413 1878 2455 quo-

382 2487 465 2530 que
503 2471 723 2514 codicibus
759 2469 963 2511 traditum
993 2470 1062 2510 sit.
1122 2468 1330 2520 Quintum
1360 2467 1571 2520 codicem,
1608 2465 1879 2521 Leidensem,

386 2538 570 2580 Bentleii
599 2539 644 2579 in
674 2537 855 2593 gratiam
887 2534 1098 2578 consuluit
1127 2534 1398 2576 Abrahamus
1429 2533 1688 2575 Gronovius.

495 2604 674 2647 Codex
711 2600 1265 2660 Gryphiswaldensis‚
1304 2600 1675 2652 membranaceus,
1710 2597 1878 2640 saeculo

383 2674 472 2714 fere
503 2671 626 2713 XIV.
659 2671 864 2739 scriptus,
895 2667 1074 2711 collatus
1103 2683 1129 2709 a
1158 2666 1398 2710 Rcinholdo
1427 2681 1538 2708 anno
1573 2666 1689 2717 1838,
1719 2664 1878 2706 nullius

386 2755 407 2779 ‹
412 2745 449 2779 st
480 2738 619 2794 pretii.
