1956 3308
350 229 404 269 80
764 235 967 266 PUBLILII
999 235 1100 266 SYnl
1132 230 1431 267 SENTENTIAE.

355 343 436 380 210
466 337 695 380 Hominem
726 336 910 392 experiri
942 333 1075 376 multa
1104 339 1332 390 paupertas
1360 333 1493 377 iubet.

464 403 561 445 Heu
594 402 714 446 dolor
743 416 868 458 quam
899 402 1028 441 miser
1059 407 1123 441 est
1132 432 1144 453 ,
1175 400 1247 455 qui
1276 399 1320 440 in
1352 403 1560 444 tormento
1591 415 1739 443 vocem
1768 403 1853 445 non

1146 465 1289 508 habet!

464 534 562 576 He1'1
593 548 720 592 quam
751 533 885 575 multa
915 531 1172 589 paenitenda
1201 532 1423 574 incurrunt
1453 533 1641 575 vivendo
1671 533 1768 576 diu!

462 601 579 657 (Heu
610 615 733 656 quam
766 600 965 640 miserum
999 605 1062 639 est
1093 599 1256 639 discere
1285 599 1469 652 servire,
1507 599 1582 641 ubi
1612 601 1671 642 sis
1701 599 1850 643 doctus
1904 619 1906 621 ·

1150 664 1403 720 dominariz)

465 733 611 775 Habet
640 748 762 774 suum
792 746 1003 774 venenum
1034 730 1191 772 blanda
1220 732 1369 773 oratio.

355 806 433 842 215
464 799 602 841 Homo
632 800 789 841 totiens
820 798 1012 851 moritur,
1046 797 1241 854 quotiens
1271 797 1433 839 amittit
1462 812 1574 840 suos.

466 865 605 908 Homo
637 879 763 922 saepe
792 866 835 906 in
866 863 984 906 aliud
1014 864 1162 916 fertur,
1193 863 1312 905 aliud
1341 865 1512 919 cogitat.
1542 872 1546 882 ⁸

465 932 682 974 Honestus
713 946 856 973 rumor
884 930 1066 972 alterum
1096 936 1160 972 est
1188 931 1504 986 patrimonium.

469 998 608 1040 Homo
638 1013 691 1038 ne
721 999 778 1039 sit
805 998 897 1038 sine
927 995 1086 1049 dolore,
1118 996 1350 1039 Fortunam
1381 998 1560 1039 invenit.

468 1065 659 1107 Honeste
691 1065 838 1117 servit,
871 1064 943 1119 qui
973 1062 1211 1104 succumbit
1240 1064 1436 1119 tempori.

360 1136 440 1173 220
470 1130 608 1172 Homo
638 1131 756 1172 vitae
785 1129 1089 1182 commodatum,
1121 1143 1205 1170 non
1234 1128 1415 1171 donatus
1445 1137 1522 1171 est.

471 1195 659 1239 Heredis
689 1196 814 1238 fletus
847 1195 925 1238 sub
956 1209 1136 1252 persona
1163 1196 1277 1237 risus
1307 1202 1384 1236 est.

470 1262 686 1304 Heredem
716 1262 828 1303 ferre
859 1261 1006 1304 utilius
1038 1268 1102 1303 est
1132 1275 1257 1318 quam
1287 1275 1503 1318 quaerere.

473 1329 649 1370 Habent
679 1329 814 1371 locum
845 1327 1064 1370 maledicti
1094 1327 1267 1369 crebrae
1295 1330 1482 1383 nuptiae.

360 1465 533 1493 comens
565 1467 593 1491 v.
619 1455 855 1492 194—223:
878 1456 1023 1491 PRBF
1039 1453 1179 1502 (TEC),
1210 1467 1243 1490 v.
1265 1455 1502 1491 224—229:
1525 1455 1621 1503 F(T)

399 1576 407 1581 ἡ
469 1533 550 1569 210
581 1533 620 1578 C,
655 1534 758 1571 Vino.
781 1534 879 1569 Bell.
910 1543 966 1578 sp.
989 1534 1023 1569 d.
1048 1533 1093 1578 5,
1117 1533 1167 1569 78
1282 1533 1359 1569 211
1391 1533 1461 1568 EC
1489 1534 1592 1570 Vino.
1618 1534 1713 1571 Bell.
1741 1546 1799 1582 sp.
1821 1537 1858 1574 d.

362 1589 408 1634 4,
434 1588 510 1624 112
635 1589 703 1624 heu
731 1599 797 1635 pro
825 1587 928 1623 dolor
949 1588 1005 1632 B,
1032 1588 1137 1624 dolor
1157 1601 1225 1625 om.
1250 1589 1279 1624 C
1397 1589 1582 1625 tormentis
1610 1590 1750 1627 Gruter

359 1644 438 1679 212
472 1643 538 1679 EC
647 1645 714 1679 inc.
740 1644 898 1679 homines
921 1654 952 1677 v.
974 1643 1008 1678 d.
1043 1644 1145 1680 Vinc.
1169 1645 1265 1679 Bell.
1289 1655 1345 1690 sp.
1366 1645 1402 1679 d.
1426 1644 1466 1690 5,
1489 1643 1588 1690 102,
1610 1655 1666 1691 sp.
1689 1650 1768 1683 nat.
1792 1646 1858 1693 31,

358 1700 432 1744 38,
456 1705 648 1735 occurrunt
669 1698 729 1734 diu
750 1699 877 1734 viventi
901 1698 946 1743 C,
977 1700 1132 1735 viventes
1153 1699 1212 1735 diu
1234 1700 1404 1736 Palatini
1424 1700 1589 1736 Gruter-i.
1650 1700 1758 1744 Quam
1777 1713 1813 1750 p.
1835 1703 1857 1738 i.

358 1755 485 1791 viventi
507 1755 565 1790 diu
587 1765 685 1791 unus
706 1755 907 1790 Palatinus
1022 1754 1099 1791 213
1131 1756 1202 1791 hoc
1221 1756 1304 1791 loco
1323 1755 1402 1800 PB,
1425 1766 1547 1801 supra
1569 1761 1658 1792 aule
1679 1768 1711 1792 v.
1732 1755 1814 1794 210
1829 1757 1866 1792 F

358 1813 490 1846 omisso
511 1820 622 1846 versu
645 1810 746 1854 209,
767 1811 871 1845 deest
891 1812 927 1845 in
951 1810 984 1845 R
1117 1815 1171 1846 est
1193 1822 1259 1846 om.
1282 1810 1323 1845 P.
1456 1810 1592 1847 discere
1613 1823 1682 1850 om,
1707 1811 1737 1847 C

359 1865 417 1901 uhi
438 1865 540 1901 PBG
548 1882 558 1900 .-
589 1864 646 1900 uhi
668 1876 738 1901 non
763 1865 809 1909 F,
838 1865 904 1900 nisi
937 1865 1037 1900 Vinc.
1062 1866 1158 1902 Bell.
1179 1876 1236 1912 sp.
1258 1867 1292 1901 d.
1314 1866 1353 1910 5,
1375 1864 1426 1901 43
1541 1865 1667 1903 doctus
1696 1868 1744 1904 sis
1764 1867 1859 1904 dom.

370 1921 473 1956 Vinc.
494 1920 622 1957 doctus
644 1920 759 1956 fueris
781 1919 814 1955 ι1.
840 1919 869 1955 C
979 1919 1058 1955 214
1089 1921 1154 1957 EC
1185 1922 1286 1957 Vinc.
1309 1921 1405 1957 Bell.
1429 1931 1484 1967 sp.
1506 1922 1541 1956 d.
1565 1921 1611 1968 4,
1636 1922 1735 1967 168,
1757 1923 1792 1959 h.
1813 1923 1862 1960 vi-

360 1987 419 2011 rus
448 1976 628 2012 oecultum
656 1975 690 2010 b.
723 1976 901 2011 miseratio
929 1975 967 2010 T.
1029 1975 1086 2022 Cf.
1116 1977 1282 2012 Phaedr.
1315 1976 1358 2022 1,
1391 1976 1462 2023 19,
1487 1977 1504 2012 1
1545 1974 1691 2013 ‘habent
1718 1978 1862 2015 insidias

360 2031 511 2067 hominis
532 2030 721 2067 blanditiae
742 2030 852 2066 mali!
1004 2031 1083 2067 215
1117 2031 1182 2067 EC
1210 2032 1312 2068 Vinc.
1337 2031 1436 2067 Bell.
1460 2042 1515 2077 sp.
1536 2032 1572 2067 d.
1595 2031 1634 2078 5,
1659 2033 1735 2071 105

359 2087 465 2122 domo
499 2086 602 2122 Vinc.
626 2087 670 2122 B.
699 2097 755 2133 sp.
787 2087 822 2121 d.
845 2085 891 2131 4,
916 2086 992 2123 139
1127 2087 1262 2122 amittat
1283 2085 1322 2122 F
1459 2087 1538 2124 216
1568 2098 1672 2135 saepe
1703 2089 1738 2126 in
1766 2088 1860 2131 aliud

361 2142 473 2178 fertur
493 2141 669 2178 Halmius
689 2147 723 2177 et
741 2141 950 2178 Maelaelae'us:
981 2152 1119 2189 semper
1139 2141 1232 2178 alind
1254 2142 1406 2178 suretina
1424 2142 1469 2188 P,
1492 2152 1632 2190 semper
1653 2142 1746 2179 aliud
1765 2142 1863 2180 fure-

361 2198 449 2233 tinat
470 2197 527 2243 R,
559 2208 698 2245 semper
730 2196 821 2232 aliud
851 2196 958 2232 suerit
980 2197 1033 2241 B,
1062 2208 1202 2245 semper
1229 2199 1264 2233 in
1292 2208 1331 2233 se
1358 2197 1451 2233 aliud
1473 2197 1543 2233 sert
1563 2197 1616 2238 F‚·
1645 2209 1749 2247 saepe
1778 2198 1864 2236 furit

360 2254 395 2288 in
416 2251 511 2288 aliud
532 2254 613 2298 ipse
635 2253 794 2296 conieci,
818 2262 919 2288 nunc
940 2254 1064 2288 malim
1085 2263 1188 2300 saepe
1211 2252 1324 2288 fertur
1343 2253 1377 2288 in
1399 2252 1492 2289 aliud
1514 2254 1597 2290 coll.
1614 2264 1678 2301 pq.
1700 2253 1752 2290 59

361 2306 454 2343 aliud
475 2309 609 2354 cogitat
630 2309 780 2343 restitui
799 2318 850 2343 ex
871 2308 958 2343 PR:
989 2308 1022 2342 in
1044 2307 1192 2344 alterum
1214 2319 1244 2343 a.
1267 2319 1295 2343 c.
1321 2308 1404 2354 BF,
1428 2310 1546 2356 vulqo.
1590 2307 1648 2356 Cf.
1669 2308 1750 2347 563

362 2362 440 2398 217
473 2362 531 2408 Cf.
564 2375 593 2399 v.
617 2362 681 2398 62.
711 2361 775 2400 83.
806 2362 898 2399 498.
957 2363 1159 2399 Fabricius
1195 2374 1245 2399 ex
1272 2373 1385 2400 mser.
1423 2363 1588 2400 ‘honesta
1616 2363 1704 2400 sama
1739 2361 1865 2402 me‘lior

362 2418 506 2465 pecunia
536 2417 616 2453 est'.
677 2417 761 2465 (leq.
784 2417 910 2454 melior
937 2423 990 2453 est
1022 2418 1182 2465 pecunia)
1314 2421 1350 2454 in
1372 2419 1408 2454 F
1430 2418 1537 2466 infra
1564 2420 1703 2466 leyilur
1723 2424 1813 2466 pose
1832 2431 1864 2457 v.

363 2472 442 2508 225
540 2473 790 2520 patrimonium
812 2473 900 2509 BF.-
921 2478 1060 2520 patrum
1082 2474 1237 2510 omnium
1258 2475 1326 2510 PR
1441 2473 1520 2511 218
1552 2474 1610 2521 Cf.
1632 2487 1665 2511 v.
1691 2474 1768 2512 153

364 2529 504 2564 fortuna
526 2528 593 2563 FC
692 2527 770 2564 219
802 2529 910 2564 servit
936 2529 1152 2574 BernensiS,
1176 2530 1215 2574 C,
1238 2530 1445 2566 Erasmus:
1474 2529 1604 2566 serviet
1622 2529 1768 2566 PRBF

364 2583 444 2620 220
472 2594 502 2619 c.
525 2589 580 2619 est
612 2594 684 2620 non
718 2583 751 2619 «i.
787 2584 887 2620 Vino.
912 2584 1009 2620 Bell.
1038 2596 1096 2630 sp.
1119 2586 1154 2620 (Ι.
1178 2585 1225 2630 5,
1250 2584 1347 2630 104,
1375 2590 1430 2621 est
1458 2596 1527 2621 om.
1562 2584 1662 2621 Vinc.
1684 2584 1730 2621 B.
1751 2595 1810 2631 sp.
1827 2586 1863 2622 d.

364 2639 410 2684 5,
435 2638 524 2674 112.
554 2650 609 2685 sp.
639 2643 716 2675 nat.
747 2639 819 2683 31,
846 2639 921 2676 102
943 2639 1052 2687 (101)
1166 2640 1434 2687 commendatur
1461 2640 1517 2685 R,
1546 2638 1812 2676 commendatus
1838 2639 1868 2678 C

475 2693 550 2730 221
586 2694 727 2731 Gellius
751 2695 814 2740 17,
839 2694 888 2730 14
952 2699 963 2709 ⁰
1003 2695 1143 2732 heredis
1165 2695 1270 2732 fletus
1292 2696 1338 2741 C,
1359 2706 1408 2741 π,
1431 2694 1741 2741 Bamberqensn‘s:
1763 2694 1865 2732 heres

365 2750 467 2786 lictus
487 2750 517 2785 L
631 2749 709 2785 222
742 2750 799 2798 Cs.
822 2762 854 2787 v.
876 2750 956 2787 323
1078 2752 1167 2788 scire
1189 2751 1374 2788 Erasmus
1487 2749 1673 2786 honestius
1695 2760 1795 2787 nnus
1814 2760 1866 2787 ea:
1907 2786 1917 2795 ,

365 2805 551 2841 Palatinis
572 2805 730 2841 Gruter-1·
855 2804 935 2842 223
967 2805 1083 2842 locum
1107 2806 1140 2841 Β
1160 2817 1236 2844 sec.
1259 2818 1306 2843 m.
1328 2816 1411 2852 sup.
1432 2815 1506 2841 ser.
1629 2805 1813 2842 maledicte
1836 2804 1868 2843 B

476 2859 619 2896 crebere
641 2860 688 2905 R,
710 2859 834 2896 crebae
857 2861 911 2897 Pb
