1956 3308
657 276 949 309 senmurum
978 274 1275 312 romenses.
1643 274 1723 315 115

317 375 547 419 Dominari
584 389 640 419 ex
676 383 799 434 parte
832 378 1093 432 dinoscitur,
1130 394 1228 423 cum
1256 382 1452 439 supeiior
1479 382 1723 439 supplicare

1011 446 1219 506 videtur.)

317 511 520 566 (Decima
549 512 656 555 hora
684 514 845 557 amieos
875 513 1019 572 plures
1050 530 1179 572 quam
1208 517 1347 573 prima
1374 518 1628 575 repperies.)

317 578 419 634 (Est
446 581 598 637 utique
628 580 843 638 profunda
873 581 1118 638 ignorantia
1146 584 1328 639 nescire,
1360 585 1476 641 quod
1505 587 1688 643 pecces.)

314 645 463 688 Facile
493 648 567 704 qui
598 646 759 693 faciant
785 648 895 691 bene
915 649 1127 703 invenias,
1159 665 1257 693 cum
1277 652 1351 708 qui
1374 651 1570 695 fecerunt
1590 653 1721 695 colas.

202 717 283 756 665
316 713 500 770 (Frenos
530 715 690 773 inpone
719 715 909 772 linguae,
942 717 1114 774 saepius
1145 720 1553 776 concupiscentiae.)

315 780 483 837 (Grave
514 789 579 824 est
607 783 760 839 nimis,
792 782 908 840 quod
937 783 1079 827 fronte
1108 783 1222 827 laeta
1252 786 1438 842 dederis,
1469 788 1586 830 tristi
1614 788 1721 829 reci-

788 852 924 908 pere.)

314 915 506 959 Humilis
536 931 616 960 nec
643 917 732 960 alte
761 918 931 973 cadere,
966 933 1046 961 nec
1075 920 1269 975 graviter
1296 928 1452 978 potest.

312 970 503 1028 Lucrum
534 992 600 1028 est
629 985 823 1028 dolorem
854 1001 981 1043 posse
1010 986 1166 1029 damno
1199 988 1468 1044 extinguere.

314 1051 483 1108 (Mutus
505 1059 583 1107 est,
613 1053 651 1096 si
671 1052 829 1110 psallat
849 1053 1083 1111 superbus:
1114 1051 1290 1097 humilis
1312 1055 1534 1098 dominum
1557 1055 1719 1110 laudat,

787 1122 917 1163 etiam
948 1136 1044 1164 cum
1074 1121 1248 1163 videtur
1276 1122 1435 1164 habere
1466 1123 1720 1179 silentium.)

205 1191 287 1229 670
316 1186 440 1242 (Plus
468 1189 630 1231 amieos
660 1203 808 1231 mensa
838 1203 965 1246 quam
994 1203 1115 1231 mens
1146 1189 1336 1247 concipit
1364 1190 1511 1248 bona.)

315 1253 406 1307 Qui
434 1255 585 1297 amicis
615 1255 763 1298 multis
795 1255 954 1310 studet,
986 1263 1029 1299 et
1058 1256 1256 1298 inimicos
1287 1256 1413 1300 ferat.

316 1320 407 1374 Qui
438 1336 534 1365 sese
562 1328 738 1365 accusat
766 1323 876 1380 ipse,
906 1323 963 1366 ab
992 1323 1077 1366 alio
1106 1338 1193 1366 non
1223 1330 1376 1381 potest.

201 1485 370 1532 superior
397 1496 477 1521 cum
506 1484 683 1534 supplicat
713 1484 910 1532 Hauptius
1038 1486 1116 1524 661
1148 1482 1170 1504 *
1190 1497 1270 1523 cum
1298 1488 1382 1524 coll.
1412 1499 1444 1524 v.
1467 1487 1567 1526 660:
1598 1490 1654 1525 cui
1681 1489 1720 1525 T.

201 1540 376 1578 Macrob.
401 1541 482 1578 Sat.
503 1541 542 1588 2,
562 1541 584 1578 7
608 1540 788 1578 ‘Potestas
810 1553 883 1578 11011
903 1542 1034 1589 solum,
1056 1543 1087 1578 si
1106 1543 1244 1589 invitat,
1266 1543 1328 1579 sed
1350 1544 1455 1579 etiam
1476 1545 1506 1580 si
1527 1545 1719 1592 supplicet,

199 1597 329 1645 cogit?
387 1597 603 1634 Scriberem
624 1597 833 1634 Domiuatur
860 1599 1010 1646 partim,
1039 1599 1204 1647 superior
1226 1610 1305 1635 cum
1327 1599 1525 1647 supplicat,
1555 1603 1629 1637 m'se‘
1643 1601 1719 1648 sri-

199 1657 307 1701 9eret
340 1654 470 1702 partim
500 1659 536 1690 et
562 1655 664 1691 ultro
695 1664 735 1690 se
763 1655 925 1701 offerret
953 1657 1142 1704 suspicio,
1177 1658 1400 1692 sententiam
1430 1666 1512 1692 esse
1547 1658 1719 1703 carnatem,

201 1721 316 1757 quam
344 1709 535 1747 Gruterus
562 1723 598 1747 a.
625 1710 733 1747 1610
756 1713 920 1757 protulit
948 1713 1118 1748 numeris
1153 1711 1247 1747 bene
1275 1713 1570 1749 commendatam
1599 1712 1720 1761 ‘Cogit

201 1764 386 1814 rogandO,
423 1777 503 1802 cum
535 1771 642 1814 rogat
675 1767 889 1818 potentiqr’.
949 1767 1007 1804 An
1037 1771 1094 1803 est
1124 1768 1388 1814 paraphrasis
1418 1780 1450 1804 v.
1482 1767 1588 1804 544?

202 1821 283 1859 662
326 1822 482 1859 Videtur
497 1822 627 1870 fuisse
648 1825 837 1859 senarius
883 1824 961 1860 Pro
982 1819 1182 1872 repperies]
1205 1825 1341 1860 invenis
1364 1826 1422 1860 vel
1442 1825 1575 1860 invenit
1595 1826 1719 1871 scrip-

200 1879 249 1914 sit
272 1877 458 1925 Orellius,
486 1879 642 1926 reperiet
670 1881 805 1915 omisso
833 1890 937 1927 quam
959 1880 1176 1926 Hauptius,
1204 1881 1306 1927 quod
1330 1882 1453 1917 minus
1477 1882 1607 1926 placet
1740 1928 1743 1930 q

201 1933 282 1972 663
315 1932 375 1981 Cf.
398 1946 430 1971 v.
454 1934 533 1971 271
664 1934 744 1972 664
775 1935 837 1983 qui
866 1935 995 1971 saciant
1022 1934 1113 1971 bene
1134 1937 1352 1983 Hauptius:
1383 1947 1452 1984 que
1473 1935 1607 1973 faciunt
1629 1935 1719 1973 bona

204 1990 238 2027 Τ
348 1986 368 2008 *
387 1991 564 2027 invenias:
595 1991 753 2027 invenies
779 1992 812 2027 Τ
921 2002 1002 2028 cum
1023 1992 1083 2039 qui
1113 1990 1275 2028 fecerunt
1296 1993 1514 2038 Hauplius:
1544 2004 1623 2029 cum
1644 1992 1719 2029 lau-

200 2045 393 2094 dandoque
419 2046 583 2083 fecerunt
607 2047 641 2083 T
777 2044 931 2084 *:colas
963 2047 1061 2084 coles
1086 2047 1118 2083 R
1259 2048 1340 2085 665
1371 2044 1520 2098 inpone]
1552 2051 1719 2096 oportuit

199 2102 350 2150 inponas
465 2097 488 2122 ²¹²
507 2103 839 2151 concupiscentiae,
863 2107 887 2140 i.
912 2113 943 2140 e.
966 2104 1133 2140 libidini.-
1163 2105 1377 2140 conscientia
1404 2105 1443 2150 Τ,
1475 2105 1557 2152 peni
1577 2105 1718 2166 saepius

204 2157 333 2197 Orelli.
394 2158 454 2205 Cf.
475 2159 717 2196 Anacharsis
738 2151 1719 2209 apudDioy.Laere.1,10471116‹5<5179,yaarp‹39,

199 2211 360 2250 αἰδοίων
381 2215 553 2274 κρατεῖν,
576 2214 656 2251 Nili
673 2220 834 2252 sentent.
859 2216 938 2252 171
959 2215 1108 2262 (Orelli,
1130 2227 1259 2263 opusc.
1282 2228 1373 2252 mor.
1397 2216 1430 2252 Ι.
1453 2215 1549 2263 344)
1569 2213 1606 2252 εἰ
1624 2228 1718 2263 κρα-

199 2270 281 2316 τεῖς
296 2261 485 2319 γαστρὸς,
514 2265 650 2317 κράτει
669 2267 736 2307 καὶ
757 2266 952 2320 γλώσσης
982 2273 1215 2309 Pseudosen.
1238 2274 1284 2309 de
1304 2284 1397 2309 mor.
1422 2272 1499 2309 117
1530 2272 1589 2308 ‘Ut
1609 2272 1718 2310 licen-

200 2328 292 2363 tiosa
320 2327 493 2391 mancipia
521 2329 626 2364 animi
654 2328 805 2376 imperio
834 2339 920 2377 rege
951 2327 1131 2377 linguam,
1160 2328 1363 2374 libidinem,
1392 2329 1582 2365 v.'entre1n

201 2382 282 2421 666
311 2379 333 2402 *
353 2383 478 2420 nimis:
509 2384 603 2420 enim
628 2384 677 2425 T‚·
706 2384 758 2431 cf.
781 2397 813 2421 v.
834 2385 928 2422 360.
953 2384 1032 2421 532
1150 2385 1241 2421 tristi
1266 2384 1404 2421 Orelh:
1435 2385 1536 2420 triste
1562 2385 1602 2423 T.
1645 2384 1721 2422 Secl

200 2443 268 2477 aut
288 2441 510 2477 octonarius
530 2451 605 2477 non
625 2445 682 2477 est
703 2440 872 2487 Publilii,
893 2445 960 2478 aul
977 2441 1055 2488 fuit
1075 2443 1272 2478 senarius.-
1302 2440 1412 2476 Grave
1433 2446 1507 2486 est,
1530 2440 1625 2488 quod
1648 2440 1718 2477 lae·

201 2501 260 2532 tus
288 2495 453 2541 dederis,
483 2496 622 2532 tristem
650 2497 810 2545 recipere
933 2497 1012 2534 667
1046 2496 1102 2544 Cf.
1127 2509 1159 2536 v.
1185 2497 1261 2534 162
1290 2502 1327 2533 et
1348 2497 1422 2533 Cic.
1446 2501 1545 2532 orat.
1570 2496 1643 2542 28,
1664 2496 1716 2533 98

202 2549 354 2588 medius
385 2549 537 2599 (orator)
570 2551 642 2588 alte
668 2552 794 2589 cadere
821 2564 893 2589 11011
920 2557 1054 2601 potest.
1059 2551 1073 2570 '
1228 2553 1307 2590 668
1350 2553 1492 2590 Versus
1519 2553 1717 2599 hucusque

198 2610 412 2657 ίρηοναίαε,
435 2612 563 2654 utpote
580 2618 656 2654 per
676 2618 848 2646 errorem
867 2610 1027 2646 omissus
1047 2609 1095 2645 ab
1118 2608 1256 2646 Orellio
1390 2608 1469 2645 669
1503 2608 1561 2655 Cf.
1582 2608 1715 2645 Demo—

197 2665 297 2712 phili
315 2669 411 2701 sent.
433 2664 457 2701 6
480 2658 617 2709 Σοφὸς
638 2660 703 2701 καὶ
726 2661 850 2713 σιγῶν
870 2655 938 2700 τὸν
959 2655 1058 2701 θεὸν
1077 2663 1171 2716 τιμᾷ
1277 2664 1357 2702 670
1390 2664 1563 2711 Oportuit
1582 2666 1715 2700 saltem

200 2719 346 2768 plures,
368 2725 409 2757 ut
430 2732 461 2757 v.
484 2720 565 2758 662
682 2721 759 2758 671
791 2717 811 2740 *
832 2722 1010 2758 correxi.-
1039 2722 1099 2768 qui
1120 2721 1319 2757 numerosis
1340 2725 1388 2757 st.
1411 2731 1442 2755 a.
1466 2726 1501 2755 et
1522 2721 1544 2755 i.
1568 2731 1716 2757 necesse

200 2781 259 2815 est
278 2776 368 2813 terat
392 2777 440 2818 T;
472 2777 524 2825 cf.
549 2779 602 2815 αά
620 2790 651 2815 v.
677 2778 738 2813 10.
812 2777 966 2813 tersum
995 2778 1231 2813 trochaocum
1254 2776 1305 2812 M.
1328 2776 1526 2823 Hauptius
1553 2779 1717 2813 restituit

200 2831 325 2869 hunc.-
351 2831 419 2876 Qui
439 2835 640 2870 numerosis
661 2833 783 2870 studet
809 2833 949 2879 amieis,
980 2834 1009 2868 is
1030 2833 1135 2869 etiam
1156 2833 1317 2869 inimicos
1339 2832 1428 2868 serat
1543 2831 1623 2868 672
1655 2833 1714 2880 qui

201 2893 316 2924 semet
341 2894 495 2926 accusat.
521 2889 564 2926 ab
591 2890 659 2927 alio
688 2900 760 2926 11011
781 2893 903 2937 potest
922 2889 1099 2925 criminari
1124 2889 1172 2925 T.-
1193 2889 1402 2925 emendavit
1423 2886 1477 2924 M.
1501 2887 1716 2934 Hauptius:

203 2942 256 2990 cs.
280 2944 333 2980 ad
351 2955 383 2980 v.
406 2943 498 2981 654.
561 2946 740 2983 Similiter
761 2945 850 2982 Seu.
873 2946 963 2982 (Ital.
985 2944 1030 2991 2,
1056 2944 1127 2990 17,
1150 2943 1174 2980 2
1205 2942 1363 2981 ‘numeria
1391 2943 1633 2992 petulantibus
1655 2943 1715 2980 de·

1400 3009 1445 3040 80
