<?xml version="1.0" encoding="UTF-8"?>
<!DOCTYPE html PUBLIC "-//W3C//DTD XHTML 1.0 Transitional//EN"
    "http://www.w3.org/TR/xhtml1/DTD/xhtml1-transitional.dtd">
<html xmlns="http://www.w3.org/1999/xhtml" xml:lang="en" lang="en">
 <head>
  <title>
</title>
<meta http-equiv="Content-Type" content="text/html;charset=utf-8" />
  <meta name='ocr-system' content='tesseract 3.04.00' />
  <meta name='ocr-capabilities' content='ocr_page ocr_carea ocr_par ocr_line ocrx_word'/>
</head>
<body>
  <div class='ocr_page' id='page_1' title='image "./publiliisyrisent00publuoft_0114.png"; bbox 0 0 1956 3308; ppageno 0'>
   <div class='ocr_carea' id='block_1_1' title="bbox 300 231 1366 276">
    <p class='ocr_par' dir='ltr' id='par_1_1' title="bbox 300 231 1366 276">
     <span class='ocr_line' id='line_1_1' title="bbox 300 231 1366 276; baseline 0.002 -4"><span class='ocrx_word' id='word_1_1' title='bbox 300 231 373 273; x_wconf 80' lang='lat'>108</span> <span class='ocrx_word' id='word_1_2' title='bbox 701 243 902 275; x_wconf 78' lang='lat' dir='ltr'>PUBLILII</span> <span class='ocrx_word' id='word_1_3' title='bbox 933 244 1033 275; x_wconf 83' lang='lat' dir='ltr'>SYRl</span> <span class='ocrx_word' id='word_1_4' title='bbox 1066 244 1366 276; x_wconf 73' lang='lat' dir='ltr'>SENTEN&#39;HAE.</span> 
     </span>
    </p>
   </div>
   <div class='ocr_carea' id='block_1_2' title="bbox 290 338 1712 1661">
    <p class='ocr_par' dir='ltr' id='par_1_2' title="bbox 291 338 1549 665">
     <span class='ocr_line' id='line_1_2' title="bbox 291 338 1549 401; baseline 0.003 -19"><span class='ocrx_word' id='word_1_5' title='bbox 291 346 371 382; x_wconf 82' lang='grc'>585</span> <span class='ocrx_word' id='word_1_6' title='bbox 402 342 509 399; x_wconf 86' lang='lat' dir='ltr'>Spes</span> <span class='ocrx_word' id='word_1_7' title='bbox 537 338 601 384; x_wconf 87' lang='lat' dir='ltr'>est</span> <span class='ocrx_word' id='word_1_8' title='bbox 630 342 794 396; x_wconf 88' lang='lat' dir='ltr'>salutis,</span> <span class='ocrx_word' id='word_1_9' title='bbox 825 343 898 384; x_wconf 91' lang='lat' dir='ltr'>ubi</span> <span class='ocrx_word' id='word_1_10' title='bbox 927 342 1141 385; x_wconf 88' lang='lat' dir='ltr'>hominem</span> <span class='ocrx_word' id='word_1_11' title='bbox 1171 343 1370 399; x_wconf 80' lang='lat' dir='ltr'>obiurgat</span> <span class='ocrx_word' id='word_1_12' title='bbox 1399 343 1549 401; x_wconf 83' lang='lat' dir='ltr'>pudor.</span> 
     </span>
     <span class='ocr_line' id='line_1_3' title="bbox 403 408 1520 465; baseline 0.002 -15"><span class='ocrx_word' id='word_1_13' title='bbox 403 408 591 451; x_wconf 81' lang='lat' dir='ltr'><strong>Suadere</strong></span> <span class='ocrx_word' id='word_1_14' title='bbox 620 410 818 465; x_wconf 84' lang='lat' dir='ltr'>primum,</span> <span class='ocrx_word' id='word_1_15' title='bbox 847 409 947 450; x_wconf 90' lang='lat' dir='ltr'>dein</span> <span class='ocrx_word' id='word_1_16' title='bbox 977 409 1190 464; x_wconf 82' lang='lat' dir='ltr'>corrigere</span> <span class='ocrx_word' id='word_1_17' title='bbox 1219 409 1409 452; x_wconf 73' lang='lat' dir='ltr'>benivoli</span> <span class='ocrx_word' id='word_1_18' title='bbox 1442 417 1520 452; x_wconf 86' lang='lat' dir='ltr'>est.</span> 
     </span>
     <span class='ocr_line' id='line_1_4' title="bbox 403 475 1534 532; baseline 0.002 -16"><span class='ocrx_word' id='word_1_19' title='bbox 403 475 581 531; x_wconf 80' lang='lat' dir='ltr'><strong>Sapiens</strong></span> <span class='ocrx_word' id='word_1_20' title='bbox 612 482 758 517; x_wconf 84' lang='lat' dir='ltr'>eontra</span> <span class='ocrx_word' id='word_1_21' title='bbox 787 489 931 517; x_wconf 87' lang='lat' dir='ltr'>omnes</span> <span class='ocrx_word' id='word_1_22' title='bbox 960 489 1078 516; x_wconf 87' lang='lat' dir='ltr'>arma</span> <span class='ocrx_word' id='word_1_23' title='bbox 1106 475 1204 528; x_wconf 85' lang='lat' dir='ltr'>fert,</span> <span class='ocrx_word' id='word_1_24' title='bbox 1235 489 1330 517; x_wconf 90' lang='lat' dir='ltr'>cum</span> <span class='ocrx_word' id='word_1_25' title='bbox 1360 477 1534 532; x_wconf 80' lang='lat' dir='ltr'><strong>cogitat.</strong></span> 
     </span>
     <span class='ocr_line' id='line_1_5' title="bbox 404 538 1482 596; baseline 0.003 -15"><span class='ocrx_word' id='word_1_26' title='bbox 404 541 726 582; x_wconf 84' lang='lat' dir='ltr'>Sanctissimum</span> <span class='ocrx_word' id='word_1_27' title='bbox 756 547 821 582; x_wconf 87' lang='lat' dir='ltr'>est</span> <span class='ocrx_word' id='word_1_28' title='bbox 850 541 1108 596; x_wconf 82' lang='lat' dir='ltr'>meminisse,</span> <span class='ocrx_word' id='word_1_29' title='bbox 1140 538 1208 583; x_wconf 79' lang='lat' dir='ltr'>eui</span> <span class='ocrx_word' id='word_1_30' title='bbox 1237 548 1280 584; x_wconf 88' lang='lat' dir='ltr'>te</span> <span class='ocrx_word' id='word_1_31' title='bbox 1310 541 1482 584; x_wconf 78' lang='lat' dir='ltr'><strong>debeas.</strong></span> 
     </span>
     <span class='ocr_line' id='line_1_6' title="bbox 402 606 1403 665; baseline 0 -16"><span class='ocrx_word' id='word_1_32' title='bbox 402 606 531 649; x_wconf 82' lang='lat' dir='ltr'>Stulti</span> <span class='ocrx_word' id='word_1_33' title='bbox 561 608 712 649; x_wconf 89' lang='lat' dir='ltr'>timent</span> <span class='ocrx_word' id='word_1_34' title='bbox 741 608 968 661; x_wconf 78' lang='lat' dir='ltr'>fortunam,</span> <span class='ocrx_word' id='word_1_35' title='bbox 1001 609 1215 665; x_wconf 86' lang='lat' dir='ltr'>sapientes</span> <span class='ocrx_word' id='word_1_36' title='bbox 1246 607 1403 650; x_wconf 86' lang='lat' dir='ltr'>ferunt.</span> 
     </span>
    </p>

    <p class='ocr_par' dir='ltr' id='par_1_3' title="bbox 291 673 1334 731">
     <span class='ocr_line' id='line_1_7' title="bbox 291 673 1334 731; baseline 0.002 -17"><span class='ocrx_word' id='word_1_37' title='bbox 291 678 372 714; x_wconf 85' lang='lat'>590</span> <span class='ocrx_word' id='word_1_38' title='bbox 402 673 575 726; x_wconf 84' lang='lat' dir='ltr'>Sensus,</span> <span class='ocrx_word' id='word_1_39' title='bbox 606 688 691 716; x_wconf 90' lang='lat' dir='ltr'>non</span> <span class='ocrx_word' id='word_1_40' title='bbox 719 680 835 716; x_wconf 90' lang='lat' dir='ltr'>aetas</span> <span class='ocrx_word' id='word_1_41' title='bbox 855 675 1036 725; x_wconf 66' lang='lat' dir='ltr'>jnvenit</span> <span class='ocrx_word' id='word_1_42' title='bbox 1065 675 1334 731; x_wconf 84' lang='lat' dir='ltr'>sapientiam.</span> 
     </span>
    </p>

    <p class='ocr_par' dir='ltr' id='par_1_4' title="bbox 403 739 1290 797">
     <span class='ocr_line' id='line_1_8' title="bbox 403 739 1290 797; baseline 0 -15"><span class='ocrx_word' id='word_1_43' title='bbox 403 740 578 796; x_wconf 77' lang='lat' dir='ltr'>Semper</span> <span class='ocrx_word' id='word_1_44' title='bbox 607 739 776 787; x_wconf 85' lang='lat' dir='ltr'>beatam</span> <span class='ocrx_word' id='word_1_45' title='bbox 805 755 850 783; x_wconf 91' lang='lat' dir='ltr'>se</span> <span class='ocrx_word' id='word_1_46' title='bbox 880 747 1003 797; x_wconf 83' lang='lat' dir='ltr'>putat</span> <span class='ocrx_word' id='word_1_47' title='bbox 1031 741 1290 796; x_wconf 87' lang='lat' dir='ltr'>benignitas.</span> 
     </span>
    </p>

    <p class='ocr_par' dir='ltr' id='par_1_5' title="bbox 402 806 1324 863">
     <span class='ocr_line' id='line_1_9' title="bbox 402 806 1324 863; baseline 0 -14"><span class='ocrx_word' id='word_1_48' title='bbox 402 806 538 863; x_wconf 87' lang='lat' dir='ltr'>Saepe</span> <span class='ocrx_word' id='word_1_49' title='bbox 567 806 827 862; x_wconf 84' lang='lat' dir='ltr'>ignoscendo</span> <span class='ocrx_word' id='word_1_50' title='bbox 857 807 932 849; x_wconf 88' lang='lat' dir='ltr'>des</span> <span class='ocrx_word' id='word_1_51' title='bbox 963 807 1143 849; x_wconf 87' lang='lat' dir='ltr'>iniuriae</span> <span class='ocrx_word' id='word_1_52' title='bbox 1172 807 1324 850; x_wconf 89' lang='lat' dir='ltr'>locum.</span> 
     </span>
    </p>

    <p class='ocr_par' dir='ltr' id='par_1_6' title="bbox 403 872 1466 930">
     <span class='ocr_line' id='line_1_10' title="bbox 403 872 1466 930; baseline 0 -15"><span class='ocrx_word' id='word_1_53' title='bbox 403 872 520 915; x_wconf 84' lang='lat' dir='ltr'>Solet</span> <span class='ocrx_word' id='word_1_54' title='bbox 550 887 642 915; x_wconf 87' lang='lat' dir='ltr'>esse</span> <span class='ocrx_word' id='word_1_55' title='bbox 671 874 717 914; x_wconf 90' lang='lat' dir='ltr'>in</span> <span class='ocrx_word' id='word_1_56' title='bbox 746 873 890 916; x_wconf 83' lang='lat' dir='ltr'>dubiis</span> <span class='ocrx_word' id='word_1_57' title='bbox 919 889 996 930; x_wconf 90' lang='lat' dir='ltr'>pro</span> <span class='ocrx_word' id='word_1_58' title='bbox 1028 874 1205 916; x_wconf 85' lang='lat' dir='ltr'>consilio</span> <span class='ocrx_word' id='word_1_59' title='bbox 1222 874 1466 916; x_wconf 65' lang='lat' dir='ltr'>xtemeritas.</span> 
     </span>
    </p>

    <p class='ocr_par' dir='ltr' id='par_1_7' title="bbox 401 939 1712 998">
     <span class='ocr_line' id='line_1_11' title="bbox 401 939 1712 998; baseline 0.002 -18"><span class='ocrx_word' id='word_1_60' title='bbox 401 939 577 996; x_wconf 87' lang='lat' dir='ltr'>Semper</span> <span class='ocrx_word' id='word_1_61' title='bbox 605 939 830 982; x_wconf 84' lang='lat' dir='ltr'>eonsilium</span> <span class='ocrx_word' id='word_1_62' title='bbox 859 947 961 982; x_wconf 87' lang='lat' dir='ltr'>tune</span> <span class='ocrx_word' id='word_1_63' title='bbox 991 940 1124 994; x_wconf 84' lang='lat' dir='ltr'>deest,</span> <span class='ocrx_word' id='word_1_64' title='bbox 1156 955 1253 982; x_wconf 86' lang='lat' dir='ltr'>eum</span> <span class='ocrx_word' id='word_1_65' title='bbox 1281 955 1388 998; x_wconf 91' lang='lat' dir='ltr'>opus</span> <span class='ocrx_word' id='word_1_66' title='bbox 1418 947 1484 982; x_wconf 90' lang='lat' dir='ltr'>est</span> <span class='ocrx_word' id='word_1_67' title='bbox 1513 942 1712 983; x_wconf 85' lang='lat' dir='ltr'>maxime.</span> 
     </span>
    </p>

    <p class='ocr_par' dir='ltr' id='par_1_8' title="bbox 291 1006 1564 1195">
     <span class='ocr_line' id='line_1_12' title="bbox 291 1006 1564 1063; baseline 0.002 -17"><span class='ocrx_word' id='word_1_68' title='bbox 291 1009 370 1046; x_wconf 88' lang='lat'>595</span> <span class='ocrx_word' id='word_1_69' title='bbox 402 1006 581 1062; x_wconf 81' lang='lat' dir='ltr'>Sapiens</span> <span class='ocrx_word' id='word_1_70' title='bbox 611 1006 724 1062; x_wconf 91' lang='lat' dir='ltr'>quod</span> <span class='ocrx_word' id='word_1_71' title='bbox 754 1007 914 1062; x_wconf 84' lang='lat' dir='ltr'>petitur</span> <span class='ocrx_word' id='word_1_72' title='bbox 942 1007 1017 1048; x_wconf 89' lang='lat' dir='ltr'>ubi</span> <span class='ocrx_word' id='word_1_73' title='bbox 1045 1013 1173 1060; x_wconf 85' lang='lat' dir='ltr'>tacet,</span> <span class='ocrx_word' id='word_1_74' title='bbox 1203 1006 1393 1050; x_wconf 87' lang='lat' dir='ltr'>breviter</span> <span class='ocrx_word' id='word_1_75' title='bbox 1422 1014 1564 1063; x_wconf 87' lang='lat' dir='ltr'>negat.</span> 
     </span>
     <span class='ocr_line' id='line_1_13' title="bbox 400 1071 1498 1129; baseline 0.003 -16"><span class='ocrx_word' id='word_1_76' title='bbox 400 1072 576 1128; x_wconf 87' lang='lat' dir='ltr'>Semper</span> <span class='ocrx_word' id='word_1_77' title='bbox 605 1071 698 1128; x_wconf 89' lang='lat' dir='ltr'>plus</span> <span class='ocrx_word' id='word_1_78' title='bbox 728 1073 879 1114; x_wconf 87' lang='lat' dir='ltr'>metuit</span> <span class='ocrx_word' id='word_1_79' title='bbox 907 1073 1073 1115; x_wconf 83' lang='lat' dir='ltr'>animus</span> <span class='ocrx_word' id='word_1_80' title='bbox 1104 1074 1298 1129; x_wconf 89' lang='lat' dir='ltr'>ignotum</span> <span class='ocrx_word' id='word_1_81' title='bbox 1327 1073 1498 1118; x_wconf 87' lang='lat' dir='ltr'>malum.</span> 
     </span>
     <span class='ocr_line' id='line_1_14' title="bbox 401 1137 1395 1195; baseline 0.003 -16"><span class='ocrx_word' id='word_1_82' title='bbox 401 1137 597 1180; x_wconf 84' lang='lat' dir='ltr'>Secunda</span> <span class='ocrx_word' id='word_1_83' title='bbox 626 1140 672 1181; x_wconf 90' lang='lat' dir='ltr'>in</span> <span class='ocrx_word' id='word_1_84' title='bbox 700 1145 950 1195; x_wconf 86' lang='lat' dir='ltr'>paupertate</span> <span class='ocrx_word' id='word_1_85' title='bbox 980 1138 1150 1181; x_wconf 83' lang='lat' dir='ltr'>fortuna</span> <span class='ocrx_word' id='word_1_86' title='bbox 1180 1146 1245 1182; x_wconf 91' lang='lat' dir='ltr'>est</span> <span class='ocrx_word' id='word_1_87' title='bbox 1273 1139 1395 1182; x_wconf 87' lang='lat' dir='ltr'>fides.</span> 
     </span>
    </p>

    <p class='ocr_par' dir='ltr' id='par_1_9' title="bbox 400 1204 1478 1328">
     <span class='ocr_line' id='line_1_15' title="bbox 402 1204 1255 1258; baseline 0.001 -11"><span class='ocrx_word' id='word_1_88' title='bbox 402 1204 448 1247; x_wconf 93' lang='lat' dir='ltr'>Si</span> <span class='ocrx_word' id='word_1_89' title='bbox 477 1204 538 1246; x_wconf 89' lang='lat' dir='ltr'>nil</span> <span class='ocrx_word' id='word_1_90' title='bbox 568 1204 675 1246; x_wconf 90' lang='lat' dir='ltr'>velis</span> <span class='ocrx_word' id='word_1_91' title='bbox 706 1206 870 1258; x_wconf 91' lang='lat' dir='ltr'>timere,</span> <span class='ocrx_word' id='word_1_92' title='bbox 906 1213 1071 1248; x_wconf 89' lang='lat' dir='ltr'>metuas</span> <span class='ocrx_word' id='word_1_93' title='bbox 1101 1207 1255 1248; x_wconf 89' lang='lat' dir='ltr'>omnia.</span> 
     </span>
     <span class='ocr_line' id='line_1_16' title="bbox 400 1271 1478 1328; baseline 0.004 -16"><span class='ocrx_word' id='word_1_94' title='bbox 400 1271 682 1313; x_wconf 80' lang='lat' dir='ltr'>summissum</span> <span class='ocrx_word' id='word_1_95' title='bbox 711 1273 935 1328; x_wconf 89' lang='lat' dir='ltr'>imperium</span> <span class='ocrx_word' id='word_1_96' title='bbox 963 1287 1048 1314; x_wconf 90' lang='lat' dir='ltr'>non</span> <span class='ocrx_word' id='word_1_97' title='bbox 1076 1279 1191 1314; x_wconf 88' lang='lat' dir='ltr'>tenet</span> <span class='ocrx_word' id='word_1_98' title='bbox 1221 1273 1335 1315; x_wconf 80' lang='lat' dir='ltr'>vires</span> <span class='ocrx_word' id='word_1_99' title='bbox 1364 1288 1478 1316; x_wconf 86' lang='lat' dir='ltr'>suas.</span> 
     </span>
    </p>

    <p class='ocr_par' dir='ltr' id='par_1_10' title="bbox 290 1337 1536 1661">
     <span class='ocr_line' id='line_1_17' title="bbox 290 1337 1536 1394; baseline 0.002 -16"><span class='ocrx_word' id='word_1_100' title='bbox 290 1343 371 1380; x_wconf 88' lang='grc'>600</span> <span class='ocrx_word' id='word_1_101' title='bbox 400 1337 623 1380; x_wconf 83' lang='lat' dir='ltr'>Secundus</span> <span class='ocrx_word' id='word_1_102' title='bbox 655 1344 720 1379; x_wconf 88' lang='lat' dir='ltr'>est</span> <span class='ocrx_word' id='word_1_103' title='bbox 748 1352 774 1379; x_wconf 89' lang='lat' dir='ltr'>a</span> <span class='ocrx_word' id='word_1_104' title='bbox 802 1345 937 1381; x_wconf 86' lang='lat' dir='ltr'>matre</span> <span class='ocrx_word' id='word_1_105' title='bbox 965 1339 1145 1381; x_wconf 84' lang='lat' dir='ltr'>nutricis</span> <span class='ocrx_word' id='word_1_106' title='bbox 1175 1339 1308 1382; x_wconf 89' lang='lat' dir='ltr'>dolor.</span> <span class='ocrx_word' id='word_1_107' title='bbox 1531 1387 1536 1394; x_wconf 38' lang='grc'><em>1</em></span> 
     </span>
     <span class='ocr_line' id='line_1_18' title="bbox 401 1404 1500 1463; baseline 0.001 -17"><span class='ocrx_word' id='word_1_108' title='bbox 401 1404 492 1446; x_wconf 92' lang='lat' dir='ltr'>Sibi</span> <span class='ocrx_word' id='word_1_109' title='bbox 521 1405 605 1461; x_wconf 90' lang='lat' dir='ltr'>ipsi</span> <span class='ocrx_word' id='word_1_110' title='bbox 635 1404 906 1461; x_wconf 88' lang='lat' dir='ltr'>supplicium,</span> <span class='ocrx_word' id='word_1_111' title='bbox 938 1405 1114 1447; x_wconf 85' lang='lat' dir='ltr'>admissi</span> <span class='ocrx_word' id='word_1_112' title='bbox 1144 1420 1269 1462; x_wconf 90' lang='lat' dir='ltr'>quem</span> <span class='ocrx_word' id='word_1_113' title='bbox 1298 1406 1500 1463; x_wconf 89' lang='lat' dir='ltr'>paenitet.</span> 
     </span>
     <span class='ocr_line' id='line_1_19' title="bbox 400 1470 1410 1529; baseline 0.002 -17"><span class='ocrx_word' id='word_1_114' title='bbox 400 1470 532 1512; x_wconf 90' lang='lat' dir='ltr'>Suum</span> <span class='ocrx_word' id='word_1_115' title='bbox 564 1472 757 1527; x_wconf 85' lang='lat' dir='ltr'>sequitur</span> <span class='ocrx_word' id='word_1_116' title='bbox 785 1471 926 1513; x_wconf 89' lang='lat' dir='ltr'>lumen</span> <span class='ocrx_word' id='word_1_117' title='bbox 961 1486 1128 1529; x_wconf 87' lang='lat' dir='ltr'>semper</span> <span class='ocrx_word' id='word_1_118' title='bbox 1156 1473 1410 1515; x_wconf 87' lang='lat' dir='ltr'>innocentia.</span> 
     </span>
     <span class='ocr_line' id='line_1_20' title="bbox 401 1537 1445 1596; baseline 0.004 -18"><span class='ocrx_word' id='word_1_119' title='bbox 401 1537 586 1579; x_wconf 81' lang='lat' dir='ltr'>Stultum</span> <span class='ocrx_word' id='word_1_120' title='bbox 617 1544 680 1579; x_wconf 87' lang='lat' dir='ltr'>est</span> <span class='ocrx_word' id='word_1_121' title='bbox 708 1538 839 1579; x_wconf 91' lang='lat' dir='ltr'>alium</span> <span class='ocrx_word' id='word_1_122' title='bbox 870 1538 981 1580; x_wconf 88' lang='lat' dir='ltr'>velle</span> <span class='ocrx_word' id='word_1_123' title='bbox 1009 1538 1160 1581; x_wconf 83' lang='lat' dir='ltr'>ulcisci</span> <span class='ocrx_word' id='word_1_124' title='bbox 1190 1554 1327 1596; x_wconf 89' lang='lat' dir='ltr'>poena</span> <span class='ocrx_word' id='word_1_125' title='bbox 1356 1554 1445 1582; x_wconf 89' lang='lat' dir='ltr'>sua.</span> 
     </span>
     <span class='ocr_line' id='line_1_21' title="bbox 399 1602 1520 1661; baseline 0.004 -17"><span class='ocrx_word' id='word_1_126' title='bbox 399 1602 493 1645; x_wconf 90' lang='lat' dir='ltr'>Sibi</span> <span class='ocrx_word' id='word_1_127' title='bbox 522 1604 658 1660; x_wconf 87' lang='lat' dir='ltr'>primo</span> <span class='ocrx_word' id='word_1_128' title='bbox 687 1603 896 1646; x_wconf 86' lang='lat' dir='ltr'>auxilium</span> <span class='ocrx_word' id='word_1_129' title='bbox 927 1606 1090 1661; x_wconf 89' lang='lat' dir='ltr'>eripere</span> <span class='ocrx_word' id='word_1_130' title='bbox 1119 1611 1184 1648; x_wconf 89' lang='lat' dir='ltr'>est</span> <span class='ocrx_word' id='word_1_131' title='bbox 1213 1605 1329 1661; x_wconf 86' lang='lat' dir='ltr'>leges</span> <span class='ocrx_word' id='word_1_132' title='bbox 1359 1605 1520 1648; x_wconf 88' lang='lat' dir='ltr'>tollere.</span> 
     </span>
    </p>
   </div>
   <div class='ocr_carea' id='block_1_3' title="bbox 296 1717 556 1723">
    <p class='ocr_par' dir='ltr' id='par_1_11' title="bbox 296 1717 556 1723">
     <span class='ocr_line' id='line_1_22' title="bbox 296 1717 556 1723; baseline 0 0"><span class='ocrx_word' id='word_1_133' title='bbox 296 1717 556 1723; x_wconf 95' lang='lat' dir='ltr'> </span> 
     </span>
    </p>
   </div>
   <div class='ocr_carea' id='block_1_4' title="bbox 291 1782 938 1835">
    <p class='ocr_par' dir='ltr' id='par_1_12' title="bbox 291 1782 938 1835">
     <span class='ocr_line' id='line_1_23' title="bbox 291 1782 938 1835; baseline 0 -12"><span class='ocrx_word' id='word_1_134' title='bbox 291 1796 465 1824; x_wconf 74' lang='lat' dir='ltr'>comens</span> <span class='ocrx_word' id='word_1_135' title='bbox 496 1798 527 1822; x_wconf 92' lang='lat' dir='ltr'>v.</span> <span class='ocrx_word' id='word_1_136' title='bbox 551 1785 789 1828; x_wconf 84' lang='lat'>584—625;</span> <span class='ocrx_word' id='word_1_137' title='bbox 821 1782 938 1835; x_wconf 90' lang='lat' dir='ltr'><em>F(T)</em></span> 
     </span>
    </p>
   </div>
   <div class='ocr_carea' id='block_1_5' title="bbox 285 1871 1785 2921">
    <p class='ocr_par' dir='ltr' id='par_1_13' title="bbox 287 1871 1666 1924">
     <span class='ocr_line' id='line_1_24' title="bbox 287 1871 1666 1924; baseline 0.003 -14"><span class='ocrx_word' id='word_1_138' title='bbox 287 1875 400 1922; x_wconf 86' lang='lat' dir='ltr'>possit</span> <span class='ocrx_word' id='word_1_139' title='bbox 420 1874 557 1922; x_wconf 67' lang='lat' dir='ltr'>putdt’:</span> <span class='ocrx_word' id='word_1_140' title='bbox 587 1871 610 1896; x_wconf 85' lang='grc'><strong>*</strong></span> <span class='ocrx_word' id='word_1_141' title='bbox 633 1877 791 1913; x_wconf 75' lang='lat' dir='ltr'>correxi</span> <span class='ocrx_word' id='word_1_142' title='bbox 928 1875 1009 1913; x_wconf 90' lang='grc'>585</span> <span class='ocrx_word' id='word_1_143' title='bbox 1040 1887 1121 1924; x_wconf 89' lang='lat' dir='ltr'>spes</span> <span class='ocrx_word' id='word_1_144' title='bbox 1141 1888 1171 1912; x_wconf 95' lang='lat' dir='ltr'>s.</span> <span class='ocrx_word' id='word_1_145' title='bbox 1193 1881 1268 1923; x_wconf 86' lang='lat' dir='ltr'>est,</span> <span class='ocrx_word' id='word_1_146' title='bbox 1307 1875 1363 1912; x_wconf 88' lang='lat' dir='ltr'>ubi</span> <span class='ocrx_word' id='word_1_147' title='bbox 1391 1877 1427 1913; x_wconf 89' lang='lat' dir='ltr'>h.</span> <span class='ocrx_word' id='word_1_148' title='bbox 1449 1888 1481 1915; x_wconf 91' lang='grc' dir='ltr'>ο.</span> <span class='ocrx_word' id='word_1_149' title='bbox 1504 1878 1610 1914; x_wconf 86' lang='lat' dir='ltr'>timor</span> <span class='ocrx_word' id='word_1_150' title='bbox 1633 1877 1666 1914; x_wconf 92' lang='lat' dir='ltr'><em>T</em></span> 
     </span>
    </p>

    <p class='ocr_par' dir='ltr' id='par_1_14' title="bbox 285 1929 1785 2369">
     <span class='ocr_line' id='line_1_25' title="bbox 288 1929 1675 1979; baseline 0.003 -14"><span class='ocrx_word' id='word_1_151' title='bbox 288 1929 368 1966; x_wconf 87' lang='grc'>586</span> <span class='ocrx_word' id='word_1_152' title='bbox 399 1930 433 1965; x_wconf 76' lang='grc' dir='ltr'>(ί.</span> <span class='ocrx_word' id='word_1_153' title='bbox 464 1941 493 1966; x_wconf 87' lang='lat' dir='ltr'>c.</span> <span class='ocrx_word' id='word_1_154' title='bbox 523 1930 558 1967; x_wconf 90' lang='lat' dir='ltr'>b.</span> <span class='ocrx_word' id='word_1_155' title='bbox 587 1936 640 1967; x_wconf 86' lang='lat' dir='ltr'>est</span> <span class='ocrx_word' id='word_1_156' title='bbox 661 1931 802 1968; x_wconf 75' lang='lat' dir='ltr'>Bothe.-</span> <span class='ocrx_word' id='word_1_157' title='bbox 828 1930 863 1967; x_wconf 89' lang='lat' dir='ltr'>b.</span> <span class='ocrx_word' id='word_1_158' title='bbox 886 1935 943 1968; x_wconf 87' lang='lat' dir='ltr'>est</span> <span class='ocrx_word' id='word_1_159' title='bbox 969 1931 1005 1967; x_wconf 87' lang='lat' dir='ltr'>d.</span> <span class='ocrx_word' id='word_1_160' title='bbox 1026 1942 1057 1968; x_wconf 88' lang='lat' dir='ltr'>c.</span> <span class='ocrx_word' id='word_1_161' title='bbox 1081 1932 1127 1978; x_wconf 86' lang='lat' dir='ltr'>F,</span> <span class='ocrx_word' id='word_1_162' title='bbox 1155 1944 1184 1968; x_wconf 86' lang='lat' dir='ltr'>s.</span> <span class='ocrx_word' id='word_1_163' title='bbox 1205 1931 1240 1968; x_wconf 71' lang='lat'>1».</span> <span class='ocrx_word' id='word_1_164' title='bbox 1272 1936 1327 1968; x_wconf 89' lang='lat' dir='ltr'>est</span> <span class='ocrx_word' id='word_1_165' title='bbox 1355 1943 1389 1979; x_wconf 90' lang='lat' dir='ltr'>p.</span> <span class='ocrx_word' id='word_1_166' title='bbox 1418 1931 1451 1970; x_wconf 85' lang='lat' dir='ltr'>d.</span> <span class='ocrx_word' id='word_1_167' title='bbox 1480 1943 1511 1968; x_wconf 87' lang='lat' dir='ltr'>c.</span> <span class='ocrx_word' id='word_1_168' title='bbox 1535 1933 1675 1969; x_wconf 80' lang='lat' dir='ltr'>Gruter</span> 
     </span>
     <span class='ocr_line' id='line_1_26' title="bbox 287 1985 1785 2037; baseline 0.002 -16"><span class='ocrx_word' id='word_1_169' title='bbox 287 1985 369 2022; x_wconf 85' lang='lat'>590</span> <span class='ocrx_word' id='word_1_170' title='bbox 397 1996 540 2021; x_wconf 88' lang='lat' dir='ltr'>sensum</span> <span class='ocrx_word' id='word_1_171' title='bbox 568 1997 640 2022; x_wconf 90' lang='lat' dir='ltr'>non</span> <span class='ocrx_word' id='word_1_172' title='bbox 667 1992 760 2022; x_wconf 82' lang='lat' dir='ltr'>aetas</span> <span class='ocrx_word' id='word_1_173' title='bbox 789 1987 922 2023; x_wconf 86' lang='lat' dir='ltr'>invenit</span> <span class='ocrx_word' id='word_1_174' title='bbox 948 1987 1119 2035; x_wconf 79' lang='lat' dir='ltr'>sapientia</span> <span class='ocrx_word' id='word_1_175' title='bbox 1143 1988 1191 2029; x_wconf 88' lang='lat' dir='ltr'>T,-</span> <span class='ocrx_word' id='word_1_176' title='bbox 1220 1999 1271 2024; x_wconf 80' lang='lat' dir='ltr'>an</span> <span class='ocrx_word' id='word_1_177' title='bbox 1300 1987 1459 2024; x_wconf 78' lang='lat' dir='ltr'>invehit?</span> <span class='ocrx_word' id='word_1_178' title='bbox 1570 1987 1650 2025; x_wconf 83' lang='lat'>592</span> <span class='ocrx_word' id='word_1_179' title='bbox 1680 1999 1785 2037; x_wconf 79' lang='lat' dir='ltr'>saepe</span> 
     </span>
     <span class='ocr_line' id='line_1_27' title="bbox 287 2041 1785 2091; baseline 0.003 -15"><span class='ocrx_word' id='word_1_180' title='bbox 287 2041 506 2088; x_wconf 82' lang='lat' dir='ltr'>ignoscendo</span> <span class='ocrx_word' id='word_1_181' title='bbox 529 2069 536 2077; x_wconf 91' lang='lat'>.</span> <span class='ocrx_word' id='word_1_182' title='bbox 562 2069 570 2077; x_wconf 96' lang='lat'>.</span> <span class='ocrx_word' id='word_1_183' title='bbox 594 2042 740 2078; x_wconf 82' lang='lat' dir='ltr'>iniuriae</span> <span class='ocrx_word' id='word_1_184' title='bbox 768 2041 885 2078; x_wconf 89' lang='lat' dir='ltr'>locum</span> <span class='ocrx_word' id='word_1_185' title='bbox 914 2042 1077 2079; x_wconf 72' lang='lat' dir='ltr'>Gruter.-</span> <span class='ocrx_word' id='word_1_186' title='bbox 1114 2043 1253 2091; x_wconf 83' lang='lat' dir='ltr'>sapiens</span> <span class='ocrx_word' id='word_1_187' title='bbox 1280 2053 1420 2091; x_wconf 80' lang='lat' dir='ltr'>semper</span> <span class='ocrx_word' id='word_1_188' title='bbox 1446 2042 1649 2091; x_wconf 86' lang='lat' dir='ltr'>quiescendi</span> <span class='ocrx_word' id='word_1_189' title='bbox 1671 2070 1680 2080; x_wconf 97' lang='lat'>.</span> <span class='ocrx_word' id='word_1_190' title='bbox 1702 2071 1711 2080; x_wconf 92' lang='lat'>.</span> <span class='ocrx_word' id='word_1_191' title='bbox 1732 2043 1785 2080; x_wconf 89' lang='lat' dir='ltr'>lo-</span> 
     </span>
     <span class='ocr_line' id='line_1_28' title="bbox 286 2094 1780 2147; baseline 0.002 -15"><span class='ocrx_word' id='word_1_192' title='bbox 286 2107 364 2132; x_wconf 89' lang='lat' dir='ltr'>cum</span> <span class='ocrx_word' id='word_1_193' title='bbox 386 2097 532 2132; x_wconf 77' lang='lat' dir='ltr'>iniuriae</span> <span class='ocrx_word' id='word_1_194' title='bbox 552 2097 605 2138; x_wconf 75' lang='lat' dir='ltr'>F,·</span> <span class='ocrx_word' id='word_1_195' title='bbox 635 2098 687 2144; x_wconf 84' lang='lat' dir='ltr'>cf.</span> <span class='ocrx_word' id='word_1_196' title='bbox 712 2109 744 2134; x_wconf 84' lang='lat' dir='ltr'>v.</span> <span class='ocrx_word' id='word_1_197' title='bbox 769 2096 860 2134; x_wconf 86' lang='lat'>238.</span> <span class='ocrx_word' id='word_1_198' title='bbox 881 2097 962 2135; x_wconf 88' lang='grc'><strong>465</strong></span> <span class='ocrx_word' id='word_1_199' title='bbox 1089 2094 1112 2119; x_wconf 84' lang='grc'><strong>*</strong></span> <span class='ocrx_word' id='word_1_200' title='bbox 1133 2098 1213 2135; x_wconf 86' lang='lat' dir='ltr'>des·</span> <span class='ocrx_word' id='word_1_201' title='bbox 1235 2098 1294 2134; x_wconf 84' lang='lat' dir='ltr'>dat</span> <span class='ocrx_word' id='word_1_202' title='bbox 1315 2098 1361 2144; x_wconf 84' lang='lat' dir='ltr'>F,</span> <span class='ocrx_word' id='word_1_203' title='bbox 1382 2097 1442 2134; x_wconf 85' lang='lat' dir='ltr'>das</span> <span class='ocrx_word' id='word_1_204' title='bbox 1465 2099 1626 2140; x_wconf 79' lang='lat' dir='ltr'>Gruter;</span> <span class='ocrx_word' id='word_1_205' title='bbox 1645 2098 1698 2147; x_wconf 77' lang='lat' dir='ltr'>cf.</span> <span class='ocrx_word' id='word_1_206' title='bbox 1716 2110 1780 2146; x_wconf 70' lang='lat' dir='ltr'>pq.</span> 
     </span>
     <span class='ocr_line' id='line_1_29' title="bbox 287 2151 1783 2202; baseline 0.001 -14"><span class='ocrx_word' id='word_1_207' title='bbox 287 2151 337 2188; x_wconf 87' lang='lat'>61</span> <span class='ocrx_word' id='word_1_208' title='bbox 453 2151 531 2189; x_wconf 88' lang='lat'>593</span> <span class='ocrx_word' id='word_1_209' title='bbox 562 2153 597 2188; x_wconf 88' lang='lat' dir='ltr'>in</span> <span class='ocrx_word' id='word_1_210' title='bbox 624 2152 778 2189; x_wconf 79' lang='lat' dir='ltr'>adversis</span> <span class='ocrx_word' id='word_1_211' title='bbox 810 2153 844 2189; x_wconf 90' lang='lat' dir='ltr'><strong><em>T</em></strong></span> <span class='ocrx_word' id='word_1_212' title='bbox 978 2153 1058 2190; x_wconf 89' lang='grc'><strong>594</strong></span> <span class='ocrx_word' id='word_1_213' title='bbox 1089 2164 1179 2201; x_wconf 86' lang='lat' dir='ltr'>opus</span> <span class='ocrx_word' id='word_1_214' title='bbox 1206 2159 1262 2190; x_wconf 85' lang='lat' dir='ltr'>est</span> <span class='ocrx_word' id='word_1_215' title='bbox 1287 2154 1500 2191; x_wconf 80' lang='lat' dir='ltr'>Desbillon:</span> <span class='ocrx_word' id='word_1_216' title='bbox 1528 2158 1584 2190; x_wconf 86' lang='lat' dir='ltr'>est</span> <span class='ocrx_word' id='word_1_217' title='bbox 1611 2164 1701 2202; x_wconf 86' lang='lat' dir='ltr'>opus</span> <span class='ocrx_word' id='word_1_218' title='bbox 1731 2154 1783 2195; x_wconf 76' lang='lat' dir='ltr'>F,-</span> 
     </span>
     <span class='ocr_line' id='line_1_30' title="bbox 286 2209 1779 2271; baseline 0.003 -29"><span class='ocrx_word' id='word_1_219' title='bbox 286 2218 365 2243; x_wconf 90' lang='lat' dir='ltr'>cum</span> <span class='ocrx_word' id='word_1_220' title='bbox 394 2218 484 2254; x_wconf 89' lang='lat' dir='ltr'>opus</span> <span class='ocrx_word' id='word_1_221' title='bbox 512 2218 672 2244; x_wconf 84' lang='lat' dir='ltr'>maxume</span> <span class='ocrx_word' id='word_1_222' title='bbox 700 2213 755 2244; x_wconf 88' lang='lat' dir='ltr'>est</span> <span class='ocrx_word' id='word_1_223' title='bbox 783 2211 1042 2255; x_wconf 79' lang='lat' dir='ltr'>scripserunt,</span> <span class='ocrx_word' id='word_1_224' title='bbox 1073 2211 1138 2256; x_wconf 83' lang='lat' dir='ltr'>qui</span> <span class='ocrx_word' id='word_1_225' title='bbox 1164 2209 1263 2245; x_wconf 82' lang='lat' dir='ltr'>deest</span> <span class='ocrx_word' id='word_1_226' title='bbox 1283 2210 1510 2270; x_wconf 73' lang='lat' dir='ltr'>disyllabum</span> <span class='ocrx_word' id='word_1_227' title='bbox 1529 2213 1779 2271; x_wconf 75' lang='lat' dir='ltr'>acceperunt·-</span> 
     </span>
     <span class='ocr_line' id='line_1_31' title="bbox 286 2256 1782 2323; baseline 0.003 -27"><span class='ocrx_word' id='word_1_228' title='bbox 286 2262 338 2309; x_wconf 68' lang='lat' dir='ltr'>ef.</span> <span class='ocrx_word' id='word_1_229' title='bbox 368 2275 400 2298; x_wconf 85' lang='lat' dir='ltr'>v.</span> <span class='ocrx_word' id='word_1_230' title='bbox 434 2262 521 2299; x_wconf 91' lang='lat'>151</span> <span class='ocrx_word' id='word_1_231' title='bbox 552 2262 645 2323; x_wconf 78' lang='grc'><strong>229.</strong></span> <span class='ocrx_word' id='word_1_232' title='bbox 668 2262 747 2300; x_wconf 89' lang='grc'>628</span> <span class='ocrx_word' id='word_1_233' title='bbox 860 2263 940 2301; x_wconf 87' lang='grc'>595</span> <span class='ocrx_word' id='word_1_234' title='bbox 970 2263 1150 2301; x_wconf 83' lang='lat' dir='ltr'>Menand.</span> <span class='ocrx_word' id='word_1_235' title='bbox 1183 2263 1342 2302; x_wconf 81' lang='lat' dir='ltr'>Monost.</span> <span class='ocrx_word' id='word_1_236' title='bbox 1372 2263 1452 2302; x_wconf 88' lang='grc'>223</span> <span class='ocrx_word' id='word_1_237' title='bbox 1489 2256 1511 2311; x_wconf 84' lang='grc' dir='ltr'><strong><em>ἡ</em></strong></span> <span class='ocrx_word' id='word_1_238' title='bbox 1545 2256 1620 2313; x_wconf 72' lang='grc' dir='ltr'>γὰρ</span> <span class='ocrx_word' id='word_1_239' title='bbox 1656 2256 1782 2313; x_wconf 78' lang='grc' dir='ltr'><strong>σιωπὴ</strong></span> 
     </span>
     <span class='ocr_line' id='line_1_32' title="bbox 285 2309 1645 2369; baseline 0.004 -18"><span class='ocrx_word' id='word_1_240' title='bbox 285 2318 475 2364; x_wconf 81' lang='grc' dir='ltr'>μαρτυρεῖ</span> <span class='ocrx_word' id='word_1_241' title='bbox 501 2309 543 2353; x_wconf 83' lang='grc' dir='ltr'>τὸ</span> <span class='ocrx_word' id='word_1_242' title='bbox 570 2309 624 2365; x_wconf 84' lang='grc' dir='ltr'><em>μή</em></span> <span class='ocrx_word' id='word_1_243' title='bbox 650 2314 783 2354; x_wconf 80' lang='grc' dir='ltr'><strong><em>θέλειν</em></strong></span> <span class='ocrx_word' id='word_1_244' title='bbox 924 2319 1004 2357; x_wconf 87' lang='grc'>596</span> <span class='ocrx_word' id='word_1_245' title='bbox 1034 2315 1215 2369; x_wconf 79' lang='lat' dir='ltr'>ignotum]</span> <span class='ocrx_word' id='word_1_246' title='bbox 1246 2322 1270 2356; x_wconf 78' lang='lat' dir='ltr'>i.</span> <span class='ocrx_word' id='word_1_247' title='bbox 1293 2329 1325 2356; x_wconf 85' lang='lat' dir='ltr'>e.</span> <span class='ocrx_word' id='word_1_248' title='bbox 1352 2331 1492 2366; x_wconf 83' lang='lat' dir='ltr'>parum</span> <span class='ocrx_word' id='word_1_249' title='bbox 1519 2324 1645 2357; x_wconf 77' lang='lat' dir='ltr'>notum</span> 
     </span>
    </p>

    <p class='ocr_par' dir='ltr' id='par_1_15' title="bbox 285 2372 1785 2921">
     <span class='ocr_line' id='line_1_33' title="bbox 287 2372 1784 2424; baseline 0.002 -16"><span class='ocrx_word' id='word_1_250' title='bbox 287 2372 366 2409; x_wconf 87' lang='grc'>598</span> <span class='ocrx_word' id='word_1_251' title='bbox 399 2373 545 2409; x_wconf 84' lang='lat' dir='ltr'>Seneca</span> <span class='ocrx_word' id='word_1_252' title='bbox 567 2378 644 2410; x_wconf 80' lang='lat' dir='ltr'>nae.</span> <span class='ocrx_word' id='word_1_253' title='bbox 665 2379 809 2422; x_wconf 81' lang='lat' dir='ltr'>quaest.</span> <span class='ocrx_word' id='word_1_254' title='bbox 833 2375 871 2421; x_wconf 91' lang='lat'>6,</span> <span class='ocrx_word' id='word_1_255' title='bbox 893 2373 977 2420; x_wconf 84' lang='grc'><strong>2,3</strong></span> <span class='ocrx_word' id='word_1_256' title='bbox 1008 2375 1052 2410; x_wconf 83' lang='lat' dir='ltr'>‘si</span> <span class='ocrx_word' id='word_1_257' title='bbox 1073 2375 1180 2411; x_wconf 84' lang='lat' dir='ltr'>vultis</span> <span class='ocrx_word' id='word_1_258' title='bbox 1208 2374 1295 2411; x_wconf 85' lang='lat' dir='ltr'>nihil</span> <span class='ocrx_word' id='word_1_259' title='bbox 1324 2375 1467 2422; x_wconf 80' lang='lat' dir='ltr'>timere,</span> <span class='ocrx_word' id='word_1_260' title='bbox 1494 2376 1649 2424; x_wconf 81' lang='lat' dir='ltr'>cogitate</span> <span class='ocrx_word' id='word_1_261' title='bbox 1669 2375 1784 2412; x_wconf 74' lang='lat' dir='ltr'>omnia</span> 
     </span>
     <span class='ocr_line' id='line_1_34' title="bbox 286 2428 1781 2477; baseline 0.001 -13"><span class='ocrx_word' id='word_1_262' title='bbox 286 2438 364 2465; x_wconf 87' lang='lat' dir='ltr'>esse</span> <span class='ocrx_word' id='word_1_263' title='bbox 385 2429 550 2465; x_wconf 83' lang='lat' dir='ltr'>timenda.</span> <span class='ocrx_word' id='word_1_264' title='bbox 555 2428 568 2446; x_wconf 91' lang='lat'>&#39;</span> <span class='ocrx_word' id='word_1_265' title='bbox 630 2429 687 2477; x_wconf 78' lang='lat' dir='ltr'>Cf.</span> <span class='ocrx_word' id='word_1_266' title='bbox 711 2442 745 2469; x_wconf 88' lang='lat' dir='ltr'>v.</span> <span class='ocrx_word' id='word_1_267' title='bbox 771 2430 861 2467; x_wconf 90' lang='grc'><strong>116.</strong></span> <span class='ocrx_word' id='word_1_268' title='bbox 870 2430 962 2468; x_wconf 81' lang='grc'><strong>,607</strong></span> <span class='ocrx_word' id='word_1_269' title='bbox 1078 2430 1124 2466; x_wconf 78' lang='lat' dir='ltr'>ni!</span> <span class='ocrx_word' id='word_1_270' title='bbox 1146 2430 1316 2477; x_wconf 77' lang='lat' dir='ltr'>Inyolst..</span> <span class='ocrx_word' id='word_1_271' title='bbox 1312 2446 1319 2454; x_wconf 94' lang='lat'><strong>·</strong></span> <span class='ocrx_word' id='word_1_272' title='bbox 1340 2430 1424 2466; x_wconf 87' lang='lat' dir='ltr'>nihil</span> <span class='ocrx_word' id='word_1_273' title='bbox 1446 2431 1484 2466; x_wconf 73' lang='lat' dir='ltr'><em>F</em></span> <span class='ocrx_word' id='word_1_274' title='bbox 1597 2430 1675 2468; x_wconf 88' lang='grc'>601</span> <span class='ocrx_word' id='word_1_275' title='bbox 1706 2430 1781 2467; x_wconf 80' lang='lat' dir='ltr'>Re-</span> 
     </span>
     <span class='ocr_line' id='line_1_35' title="bbox 285 2483 1780 2533; baseline 0 -13"><span class='ocrx_word' id='word_1_276' title='bbox 285 2486 460 2531; x_wconf 76' lang='lat' dir='ltr'>spexisse</span> <span class='ocrx_word' id='word_1_277' title='bbox 480 2486 626 2522; x_wconf 82' lang='lat' dir='ltr'>videtur</span> <span class='ocrx_word' id='word_1_278' title='bbox 646 2485 733 2522; x_wconf 81' lang='lat' dir='ltr'>Sen.</span> <span class='ocrx_word' id='word_1_279' title='bbox 756 2486 802 2522; x_wconf 84' lang='lat' dir='ltr'>de</span> <span class='ocrx_word' id='word_1_280' title='bbox 822 2488 881 2522; x_wconf 81' lang='lat' dir='ltr'>ira</span> <span class='ocrx_word' id='word_1_281' title='bbox 903 2485 949 2531; x_wconf 88' lang='lat'>3,</span> <span class='ocrx_word' id='word_1_282' title='bbox 971 2485 1038 2531; x_wconf 83' lang='lat'>26,</span> <span class='ocrx_word' id='word_1_283' title='bbox 1060 2483 1125 2521; x_wconf 85' lang='lat'>2</span> <span class='ocrx_word' id='word_1_284' title='bbox 1130 2486 1275 2522; x_wconf 81' lang='lat' dir='ltr'>maxima</span> <span class='ocrx_word' id='word_1_285' title='bbox 1296 2490 1350 2522; x_wconf 83' lang='lat' dir='ltr'>est</span> <span class='ocrx_word' id='word_1_286' title='bbox 1370 2485 1481 2522; x_wconf 76' lang='lat' dir='ltr'>sactae</span> <span class='ocrx_word' id='word_1_287' title='bbox 1499 2485 1646 2523; x_wconf 75' lang='lat' dir='ltr'>iniuriae</span> <span class='ocrx_word' id='word_1_288' title='bbox 1667 2494 1780 2533; x_wconf 74' lang='lat' dir='ltr'>poena</span> 
     </span>
     <span class='ocr_line' id='line_1_36' title="bbox 287 2538 1780 2602; baseline 0 -27"><span class='ocrx_word' id='word_1_289' title='bbox 287 2539 432 2586; x_wconf 84' lang='lat' dir='ltr'>secisse,</span> <span class='ocrx_word' id='word_1_290' title='bbox 462 2551 526 2576; x_wconf 87' lang='lat' dir='ltr'>nec</span> <span class='ocrx_word' id='word_1_291' title='bbox 554 2541 740 2589; x_wconf 82' lang='lat' dir='ltr'>quisquam</span> <span class='ocrx_word' id='word_1_292' title='bbox 771 2542 911 2589; x_wconf 82' lang='lat' dir='ltr'>gravius</span> <span class='ocrx_word' id='word_1_293' title='bbox 939 2540 1123 2587; x_wconf 80' lang='lat' dir='ltr'>adficitur,</span> <span class='ocrx_word' id='word_1_294' title='bbox 1152 2551 1255 2602; x_wconf 83' lang='lat' dir='ltr'>quam</span> <span class='ocrx_word' id='word_1_295' title='bbox 1284 2542 1343 2589; x_wconf 88' lang='lat' dir='ltr'>qui</span> <span class='ocrx_word' id='word_1_296' title='bbox 1371 2540 1413 2577; x_wconf 86' lang='lat' dir='ltr'>ad</span> <span class='ocrx_word' id='word_1_297' title='bbox 1433 2540 1642 2590; x_wconf 81' lang='lat' dir='ltr'>supplicium</span> <span class='ocrx_word' id='word_1_298' title='bbox 1662 2538 1780 2602; x_wconf 77' lang='lat' dir='ltr'>paeni-</span> 
     </span>
     <span class='ocr_line' id='line_1_37' title="bbox 287 2585 1780 2644; baseline -0.001 -14"><span class='ocrx_word' id='word_1_299' title='bbox 287 2595 385 2631; x_wconf 79' lang='lat' dir='ltr'>tenu</span> <span class='ocrx_word' id='word_1_300' title='bbox 380 2605 417 2630; x_wconf 79' lang='grc' dir='ltr'>ιε</span> <span class='ocrx_word' id='word_1_301' title='bbox 445 2595 626 2632; x_wconf 71' lang='lat' dir='ltr'>traditur-‚⁹</span> <span class='ocrx_word' id='word_1_302' title='bbox 684 2595 866 2633; x_wconf 59' lang='lat' dir='ltr'>Menaria.</span> <span class='ocrx_word' id='word_1_303' title='bbox 895 2595 1054 2634; x_wconf 80' lang='lat' dir='ltr'>Monosl.</span> <span class='ocrx_word' id='word_1_304' title='bbox 1086 2596 1159 2634; x_wconf 86' lang='grc'>667</span> <span class='ocrx_word' id='word_1_305' title='bbox 1195 2586 1220 2643; x_wconf 81' lang='grc' dir='ltr'><strong><em>ἡ</em></strong></span> <span class='ocrx_word' id='word_1_306' title='bbox 1250 2591 1291 2633; x_wconf 81' lang='grc' dir='ltr'>δὲ</span> <span class='ocrx_word' id='word_1_307' title='bbox 1324 2591 1509 2644; x_wconf 75' lang='grc' dir='ltr'>μετάνοια</span> <span class='ocrx_word' id='word_1_308' title='bbox 1540 2586 1684 2644; x_wconf 70' lang='grc' dir='ltr'>γίγνετ’</span> <span class='ocrx_word' id='word_1_309' title='bbox 1710 2585 1780 2628; x_wconf 80' lang='grc' dir='ltr'>ἆν-</span> 
     </span>
     <span class='ocr_line' id='line_1_38' title="bbox 286 2646 1778 2700; baseline 0 -15"><span class='ocrx_word' id='word_1_310' title='bbox 286 2646 465 2696; x_wconf 80' lang='grc' dir='ltr'><strong><em>θρώποις</em></strong></span> <span class='ocrx_word' id='word_1_311' title='bbox 497 2649 618 2699; x_wconf 83' lang='grc' dir='ltr'><strong>κρισις</strong></span> <span class='ocrx_word' id='word_1_312' title='bbox 746 2652 840 2698; x_wconf 77' lang='lat' dir='ltr'>fort.</span> <span class='ocrx_word' id='word_1_313' title='bbox 863 2653 939 2700; x_wconf 85' lang='lat' dir='ltr'>ipse</span> <span class='ocrx_word' id='word_1_314' title='bbox 1069 2650 1092 2673; x_wconf 84' lang='grc'>*</span> <span class='ocrx_word' id='word_1_315' title='bbox 1112 2651 1324 2700; x_wconf 83' lang='lat' dir='ltr'>supplicium</span> <span class='ocrx_word' id='word_1_316' title='bbox 1352 2651 1443 2688; x_wconf 81' lang='lat' dir='ltr'>adm.</span> <span class='ocrx_word' id='word_1_317' title='bbox 1470 2660 1592 2699; x_wconf 83' lang='lat' dir='ltr'>quem:</span> <span class='ocrx_word' id='word_1_318' title='bbox 1620 2648 1679 2685; x_wconf 74' lang='lat' dir='ltr'>dat</span> <span class='ocrx_word' id='word_1_319' title='bbox 1697 2660 1778 2697; x_wconf 84' lang='lat' dir='ltr'>sup</span> 
     </span>
     <span class='ocr_line' id='line_1_39' title="bbox 288 2703 1780 2757; baseline -0.001 -15"><span class='ocrx_word' id='word_1_320' title='bbox 288 2717 392 2753; x_wconf 86' lang='lat' dir='ltr'>quem</span> <span class='ocrx_word' id='word_1_321' title='bbox 414 2706 503 2743; x_wconf 78' lang='lat' dir='ltr'>adm.</span> <span class='ocrx_word' id='word_1_322' title='bbox 528 2707 564 2743; x_wconf 79' lang='lat'>1‹&#39;</span> <span class='ocrx_word' id='word_1_323' title='bbox 652 2703 827 2757; x_wconf 80' lang='lat' dir='ltr'>paenitet]</span> <span class='ocrx_word' id='word_1_324' title='bbox 850 2706 959 2756; x_wconf 87' lang='lat' dir='ltr'>pudet</span> <span class='ocrx_word' id='word_1_325' title='bbox 981 2709 1161 2748; x_wconf 55' lang='lat' dir='ltr'>editorem</span> <span class='ocrx_word' id='word_1_326' title='bbox 1190 2706 1244 2755; x_wconf 81' lang='grc' dir='ltr'>εΓ.</span> <span class='ocrx_word' id='word_1_327' title='bbox 1267 2719 1298 2744; x_wconf 84' lang='lat' dir='ltr'>v.</span> <span class='ocrx_word' id='word_1_328' title='bbox 1324 2706 1414 2744; x_wconf 89' lang='grc'><strong>196.</strong></span> <span class='ocrx_word' id='word_1_329' title='bbox 1437 2705 1516 2743; x_wconf 86' lang='grc'>366</span> <span class='ocrx_word' id='word_1_330' title='bbox 1619 2703 1697 2742; x_wconf 88' lang='grc'>602</span> <span class='ocrx_word' id='word_1_331' title='bbox 1727 2705 1780 2741; x_wconf 89' lang='lat' dir='ltr'>in·</span> 
     </span>
     <span class='ocr_line' id='line_1_40' title="bbox 286 2751 1781 2810; baseline -0.001 -13"><span class='ocrx_word' id='word_1_332' title='bbox 286 2763 483 2798; x_wconf 83' lang='lat' dir='ltr'>nocentiam</span> <span class='ocrx_word' id='word_1_333' title='bbox 500 2763 660 2800; x_wconf 79' lang='lat' dir='ltr'>Bolhius</span> <span class='ocrx_word' id='word_1_334' title='bbox 745 2762 823 2801; x_wconf 90' lang='lat'>603</span> <span class='ocrx_word' id='word_1_335' title='bbox 857 2761 915 2810; x_wconf 80' lang='lat' dir='ltr'>Cf.</span> <span class='ocrx_word' id='word_1_336' title='bbox 939 2775 970 2800; x_wconf 86' lang='lat' dir='ltr'>v.</span> <span class='ocrx_word' id='word_1_337' title='bbox 988 2763 1066 2800; x_wconf 91' lang='lat'>611</span> <span class='ocrx_word' id='word_1_338' title='bbox 1090 2767 1125 2799; x_wconf 78' lang='lat' dir='ltr'>et</span> <span class='ocrx_word' id='word_1_339' title='bbox 1144 2760 1496 2800; x_wconf 75' lang='lat' dir='ltr'>Menand.Mon0s1.</span> <span class='ocrx_word' id='word_1_340' title='bbox 1517 2758 1593 2797; x_wconf 91' lang='grc'>152</span> <span class='ocrx_word' id='word_1_341' title='bbox 1615 2751 1781 2807; x_wconf 74' lang='grc' dir='ltr'><em>ἐχθρούς</em></span> 
     </span>
     <span class='ocr_line' id='line_1_41' title="bbox 286 2807 1785 2869; baseline 0.001 -18"><span class='ocrx_word' id='word_1_342' title='bbox 286 2807 440 2863; x_wconf 81' lang='grc' dir='ltr'>αμύνου</span> <span class='ocrx_word' id='word_1_343' title='bbox 460 2809 513 2864; x_wconf 78' lang='grc' dir='ltr'>μὴ</span> <span class='ocrx_word' id='word_1_344' title='bbox 530 2808 588 2853; x_wconf 81' lang='grc' dir='ltr'>’πὶ</span> <span class='ocrx_word' id='word_1_345' title='bbox 610 2816 657 2869; x_wconf 81' lang='grc' dir='ltr'>τῇ</span> <span class='ocrx_word' id='word_1_346' title='bbox 677 2815 823 2854; x_wconf 82' lang='grc' dir='ltr'><strong><em>σαυτοῦ</em></strong></span> <span class='ocrx_word' id='word_1_347' title='bbox 842 2812 973 2869; x_wconf 75' lang='grc' dir='ltr'><strong><em>βλάβῃ</em></strong></span> <span class='ocrx_word' id='word_1_348' title='bbox 1106 2817 1196 2855; x_wconf 83' lang='lat' dir='ltr'>velle</span> <span class='ocrx_word' id='word_1_349' title='bbox 1217 2816 1336 2854; x_wconf 71' lang='lat' dir='ltr'>ulcisci</span> <span class='ocrx_word' id='word_1_350' title='bbox 1356 2816 1524 2863; x_wconf 68' lang='grc' dir='ltr'>191ροὶ81..-</span> <span class='ocrx_word' id='word_1_351' title='bbox 1546 2814 1617 2851; x_wconf 89' lang='lat' dir='ltr'>ulc.</span> <span class='ocrx_word' id='word_1_352' title='bbox 1638 2814 1727 2852; x_wconf 82' lang='lat' dir='ltr'>velle</span> <span class='ocrx_word' id='word_1_353' title='bbox 1748 2815 1785 2852; x_wconf 83' lang='lat' dir='ltr'><em>F</em></span> 
     </span>
     <span class='ocr_line' id='line_1_42' title="bbox 288 2870 1625 2921; baseline -0.002 -12"><span class='ocrx_word' id='word_1_354' title='bbox 288 2871 367 2909; x_wconf 86' lang='lat'>604</span> <span class='ocrx_word' id='word_1_355' title='bbox 399 2873 512 2919; x_wconf 79' lang='lat' dir='ltr'>primo</span> <span class='ocrx_word' id='word_1_356' title='bbox 535 2874 676 2911; x_wconf 76' lang='lat' dir='ltr'>Bothe.-</span> <span class='ocrx_word' id='word_1_357' title='bbox 705 2874 855 2921; x_wconf 86' lang='lat' dir='ltr'>primum</span> <span class='ocrx_word' id='word_1_358' title='bbox 877 2874 913 2909; x_wconf 84' lang='lat' dir='ltr'><em>F</em></span> <span class='ocrx_word' id='word_1_359' title='bbox 1021 2873 1159 2921; x_wconf 79' lang='lat' dir='ltr'>eripere</span> <span class='ocrx_word' id='word_1_360' title='bbox 1179 2877 1234 2908; x_wconf 78' lang='lat' dir='ltr'>est</span> <span class='ocrx_word' id='word_1_361' title='bbox 1252 2871 1420 2919; x_wconf 61' lang='lat' dir='ltr'>sugast„-</span> <span class='ocrx_word' id='word_1_362' title='bbox 1440 2875 1495 2907; x_wconf 70' lang='grc' dir='ltr'>εει</span> <span class='ocrx_word' id='word_1_363' title='bbox 1515 2881 1565 2906; x_wconf 83' lang='lat' dir='ltr'>er.</span> <span class='ocrx_word' id='word_1_364' title='bbox 1590 2870 1625 2906; x_wconf 82' lang='lat' dir='ltr'><em>F</em></span> 
     </span>
    </p>
   </div>
   <div class='ocr_carea' id='block_1_6' title="bbox 1905 0 1956 709">
    <p class='ocr_par' dir='ltr' id='par_1_16' title="bbox 1905 0 1956 709">
     <span class='ocr_line' id='line_1_43' title="bbox 1905 0 1956 709; baseline 0 2599"><span class='ocrx_word' id='word_1_365' title='bbox 1905 0 1956 709; x_wconf 95' lang='lat' dir='ltr'> </span> 
     </span>
    </p>
   </div>
   <div class='ocr_carea' id='block_1_7' title="bbox 1919 986 1956 2197">
    <p class='ocr_par' dir='ltr' id='par_1_17' title="bbox 1919 986 1956 2197">
     <span class='ocr_line' id='line_1_44' title="bbox 1919 986 1956 2197; baseline 0 0"><span class='ocrx_word' id='word_1_366' title='bbox 1919 986 1956 2197; x_wconf 95' lang='lat' dir='ltr'> </span> 
     </span>
    </p>
   </div>
  </div>
 </body>
</html>
