1956 3308
347 224 402 266 46
916 231 1273 264 rnonsoommu.

348 332 488 374 Simili
518 346 657 374 errore
686 331 847 373 Zellius
877 345 1048 372 versum
1077 331 1150 373 ‘In
1177 332 1240 373 m‘l
1267 331 1464 384 sapiendo
1492 331 1579 372 vita
1607 333 1664 372 est
1690 321 1836 374 iumin-

347 400 534 441 ‹lissima’
570 412 596 439 a
625 397 810 440 Publilio
840 411 894 438 ex
923 396 1054 452 Soph.
1083 396 1219 437 Aiace
1246 396 1330 437 554
1366 395 1415 438 ἐν
1444 398 1505 452 τῷ
1535 402 1722 450 φρονεῖν
1749 394 1836 451 γὰρ

346 464 485 519 μηδὲν
509 462 684 518 ἥδιστος
702 465 798 517 βίος
815 463 1071 517 traductum,
1100 462 1256 503 rectius
1276 460 1412 504 Andr.
1436 461 1687 518 Spengelius
1707 461 1836 519 (Con-

347 531 498 572 iectan.
528 530 573 570 in
603 529 732 586 Soph.
762 535 871 584 trag.
901 527 1097 570 Monach.
1131 527 1251 570 1858.
1281 542 1353 583 pg.
1384 527 1424 569 9.
1458 528 1528 584 10)
1558 527 1833 571 subditicium

347 611 439 638 esse
474 596 661 637 dixerat:
704 596 831 636 immo
870 599 1089 651 receperat
1118 593 1320 647 Bothius,
1359 600 1405 635 ut
1432 592 1589 636 multos
1618 593 1744 649 alios,
1781 608 1836 637 ex

345 661 516 703 Erasini
553 661 751 716 Adagiis.
812 660 981 713 Quibus
1015 666 1211 702 accurate
1247 659 1466 716 perpensis
1503 674 1587 702 non
1624 666 1688 702 est
1723 659 1835 717 quod
1877 677 1885 683 ’

344 727 530 784 aliquam
559 728 866 769 sententiarum
895 733 1057 783 partem
1086 725 1394 768 vetustioribus
1417 726 1556 782 poetis
1575 726 1742 769 Latinis
1761 726 1836 769 ad·
1887 736 1900 743 ⁶
1915 723 1925 739 ³
1951 719 1953 721 μ

346 795 597 838 scribamus,

456 861 500 915 7)
530 859 710 915 Reliqua
746 866 811 901 est
849 859 953 901 satis
988 857 1151 900 nodosa
1194 857 1256 898 de
1299 858 1588 901 sententiis
1633 859 1685 900 in
1726 858 1836 902 solo
1903 857 1945 914 [ᾗ

346 925 529 968 codice
559 926 839 967 Turicensi
868 926 1098 967 servatis
1129 923 1387 980 disputatio,-
1406 938 1530 981 quam
1550 924 1742 968 consulto
1761 925 1834 968 ad·
1906 942 1922 962 ;
1954 962 1956 964 .

345 993 426 1034 huc
455 991 712 1045 distulimus,
742 991 855 1042 ut‘si
886 991 990 1047 quid
1019 992 1104 1032 iam
1132 996 1281 1032 nostra
1310 989 1612 1046 disquisitione
1641 987 1847 1034 effectum

345 1065 476 1111 esset,
519 1057 563 1099 id
600 1059 645 1099 in
684 1071 730 1098 re
758 1064 845 1099 tam
875 1052 1054 1099 obscura
1082 1056 1247 1113 aliquid
1276 1055 1384 1098 lucis
1412 1057 1597 1100 afferret.
1655 1057 1836 1100 Centum
1943 1052 1951 1104 J

344 1126 476 1180 igitur
505 1130 547 1165 et
574 1138 727 1165 novem
758 1137 812 1164 ex
831 1122 904 1164 illo
925 1123 1071 1164 codice
1097 1123 1330 1165 sententias
1351 1122 1488 1166 edidit
1508 1123 1708 1178 oremus,
1739 1138 1835 1166 con·

344 1196 542 1246 gruentes
579 1189 685 1231 alias
722 1189 777 1230 ad
814 1189 993 1230 verbum
1027 1189 1118 1230 fere
1154 1203 1249 1230 cum
1287 1187 1562 1244 Publilianis,
1599 1189 1704 1232 alias
1740 1188 1834 1246 plus
1902 1187 1954 1227 ’ἑὲ

345 1258 539 1298 minusve
568 1256 811 1297 immutatas
833 1261 874 1296 et
902 1255 1101 1297 resolutis
1123 1269 1324 1297 versuum
1342 1256 1543 1310 numeris,
1573 1262 1621 1298 ut
1640 1257 1835 1313 vix'poe-
1899 1259 1903 1266 “

343 1331 430 1366 tam
466 1336 694 1378 agnoscas,
729 1321 836 1363 alias
875 1321 1059 1378 denique
1087 1320 1214 1378 plane
1242 1322 1432 1377 ignotas,
1470 1322 1625 1379 quibus
1651 1322 1710 1364 ad
1739 1335 1835 1378 sup-

343 1389 545 1446 plendum
574 1387 805 1430 Publilium
834 1402 936 1429 usus
966 1387 1036 1430 vel
1064 1388 1204 1444 potius
1233 1387 1392 1430 abusus
1422 1395 1499 1431 est.
1547 1388 1606 1449 .S³
1634 1389 1759 1441 enim,
1787 1392 1844 1439 ut(
1899 1385 1909 1396 ’

343 1455 589 1513 perhibent,
634 1454 919 1511 quadraginta
959 1460 1046 1496 tres
1089 1469 1227 1496 novae
1271 1461 1389 1510 sunt,
1436 1469 1569 1512 prope
1615 1453 1836 1496 dimidiam

344 1522 644 1564 sententiarum
683 1519 1033 1562 Publilianamm*
1064 1527 1229 1577 partem
1271 1521 1544 1563 intercidisse
1583 1519 1835 1562 concluden-

344 1589 445 1630 dum
475 1594 606 1642 esset3
636 1587 704 1628 sin
732 1593 874 1628 autem
903 1601 1051 1628 verum
1081 1593 1167 1640 ests
1191 1588 1305 1644 quod
1324 1588 1450 1630 modo
1478 1579 1680 1642 vidimus,
1710 1585 1836 1642 longe

343 1654 546 1711 plurimas
581 1659 764 1695 aetatem
797 1652 968 1706 tulisse,
1004 1653 1082 1694 vix
1107 1659 1286 1710 possunt
1313 1653 1596 1710 quadraginta
1621 1659 1708 1695 tres
1735 1651 1836 1694 illae
1897 1657 1906 1706 ss

303 1766 316 1775 ·
343 1720 518 1763 Publilii
547 1734 653 1761 esse.
710 1719 778 1760 Ac
807 1719 860 1760 de
888 1725 1061 1762 auctore
1090 1719 1263 1776 quidem
1287 1721 1592 1762 sententiarum
1611 1718 1720 1761 nihil
1738 1733 1832 1777 pro·
1896 1743 1898 1745 ·

343 1787 408 1829 dit
450 1786 587 1829 codex
628 1786 906 1842 inscriptione
942 1800 1111 1841 carens;
1160 1787 1329 1828 interna
1370 1792 1622 1842 argumenta
1654 1786 1833 1843 pircum-
1899 1831 1901 1834 Α

343 1854 541 1911 spicienti
576 1867 661 1894 non
697 1852 875 1894 dubium
913 1853 1015 1907 erit,
1062 1853 1165 1909 quin
1202 1852 1337 1895 multa
1374 1868 1400 1895 a
1437 1851 1624 1895 Publilio
1661 1866 1835 1909 prorsus
1883 1866 1900 1909 [2

342 1921 616 1963 abhorreant:
655 1919 860 1961 octonarii
889 1918 1079 1972 iambici,
1110 1934 1215 1975 quos
1245 1919 1466 1962 constituit
1493 1917 1761 1961 Ribbeckius
1790 1931 1834 1960 v.
1905 1916 1911 1931 ³

343 1988 423 2030 816
457 1993 499 2028 et
528 1987 630 2039 830,
669 2000 766 2026 cum
802 1991 970 2041 poetam
1006 1986 1184 2028 senariis
1218 1992 1385 2028 tantum
1413 1991 1488 2028 aut
1515 1985 1721 2028 trimetris
1749 1990 1834 2028 tro·-
1905 1995 1912 2026 ῖ,

342 2054 499 2095 chaicis
528 2067 651 2094 usum
682 2065 775 2093 esse
805 2058 990 2106 constet3
1027 2052 1332 2094 sententiarum
1359 2051 1546 2094 ambitus
1574 2066 1660 2094 non
1689 2051 1833 2107 singu·
1896 2071 1899 2085 1

341 2120 477 2162 lorum
519 2133 720 2160 versuum
761 2118 918 2160 finibus
970 2119 1337 2176 circumscriptus,
1393 2118 1469 2161 sed
1509 2116 1736 2174 ampliatus
1777 2116 1834 2158 ad
1883 2113 1899 2155 ,ἶῖ

341 2185 513 2228 modum
541 2186 666 2227 unius
704 2199 854 2227 versus
884 2199 979 2226 cum
1009 2184 1208 2240 dimidio,
1246 2200 1288 2227 V.
1319 2185 1414 2228 818.
1445 2185 1527 2228 839
1555 2183 1701 2238 Ribb.;
1741 2197 1832 2240 par-
1898 2181 1902 2188 Α

341 2251 472 2293 ticula
500 2253 610 2293 enim
632 2251 755 2293 initio
775 2265 926 2293 versus
946 2252 1100 2308 posita,
1131 2252 1214 2295 830
1231 2251 1362 2294 Ribb.
1421 2250 1559 2304 Quid!
1589 2249 1703 2307 quod
1723 2249 1832 2292 chri·
1902 2255 1909 2292 ξ

342 2319 521 2359 stianam
566 2316 693 2359 fidem
736 2319 907 2374 sapiunt
949 2319 1134 2361 carnalis
1174 2319 1379 2372 cupiditas
1421 2323 1463 2359 et
1501 2314 1692 2360 dominus
1734 2313 1831 2358 κατ’
1892 2346 1907 2367 2⁴

344 2383 499 2438 ἐξοχὴν
535 2383 860 2439 intelligendus,
907 2390 1078 2427 nostrae
1107 2384 1308 2428 editionis
1338 2398 1380 2426 v.
1410 2383 1505 2426 669.
1535 2383 1631 2426 676.
1689 2381 1833 2435 Quare

342 2451 483 2491 omnia
520 2464 568 2491 eo
598 2449 824 2503 inclinant,
862 2457 910 2492 ut
939 2451 1171 2493 sententias
1201 2450 1456 2492 Turicenses
1484 2454 1559 2492 aut
1586 2447 1749 2506 duplici
1777 2462 1833 2490 ex
1892 2443 1896 2484 ζ

342 2516 458 2558 fonte
487 2516 682 2571 haustas,
712 2523 805 2570 aut,
837 2518 875 2559 si
905 2532 1050 2560 omnes
1079 2517 1254 2560 fuerunt
1281 2515 1569 2570 Publilianac,
1602 2515 1710 2558 adeo
1742 2515 1831 2568 exi·
1879 2525 1897 2562 ’,

341 2584 558 2625 stimemus
589 2590 807 2640 corruptas
837 2590 879 2625 et
908 2583 1185 2641 interpolatas
1215 2597 1328 2637 esse,
1363 2589 1412 2626 ut
1441 2583 1495 2626 de
1522 2583 1577 2625 iis
1605 2582 1831 2625 restituen·
1879 2618 1881 2621 ,

341 2649 408 2690 (lis
438 2649 750 2706 desperandum
779 2650 850 2692 sit.

452 2716 517 2758 Ne
546 2731 615 2758 eos
647 2716 820 2772 quidem
842 2731 1004 2771 versus,
1035 2731 1213 2774 quorum
1238 2723 1420 2759 metrum
1445 2729 1596 2758 sanum
1622 2720 1700 2768 est,
1731 2728 1830 2756 cau·

342 2789 414 2838 tus
439 2781 576 2824 editor
604 2783 716 2824 inter
745 2776 1029 2826 Publilianos‘
1046 2784 1233 2826 inserere
1261 2781 1396 2837 volet,
1435 2781 1512 2824 sed
1540 2779 1830 2824 Ribbeckium

342 2855 455 2889 recte
498 2847 650 2890 fecisse
688 2849 891 2905 arbitror,
933 2850 1046 2906 quod
1085 2865 1155 2893 eos
1195 2849 1424 2907 separatim
1464 2847 1619 2905 posuit.
1677 2846 1831 2890 Eidem
1880 2846 1887 2903 j
