1956 3308
603 186 811 217 PUBLILII
843 187 947 219 SYRI
978 188 1282 220 SENTENTIAE.
1646 182 1698 223 97

289 286 487 340 Plerique
507 301 599 330 eum
619 288 757 330 stultis
786 289 1049 341 maledicunt,
1074 291 1158 344 ipsi
1175 292 1257 333 sibi
1277 293 1502 334 convicium
1522 293 1696 345 faciunt.

289 353 495 408 Peri-torpe
524 358 583 398 est
610 357 734 407 enim,
767 357 878 409 quod
905 357 1083 399 obicitur
1110 359 1166 408 in
1187 359 1381 402 obiciente
1410 363 1604 414 eoqnosee'.

88 414 92 415 ⁷
155 466 160 469 ,
203 426 256 464 55
290 421 630 465 Pulcherrimum
659 426 718 465 est
747 425 890 466 omnia
912 428 1135 478 proestare
1163 426 1273 469 nihil
1300 429 1535 482 eoeiyentem.

287 488 561 543 Principium
581 491 814 533 discordiae
834 494 903 543 est,
925 492 1092 546 aliquid
1110 506 1160 534 ex
1180 496 1389 538 communi
1407 508 1531 537 suum
1549 496 1696 548 facem

287 556 488 611 Plerique
513 558 693 611 famam,
724 560 1017 602 conscientiam
1039 562 1172 614 pauci
1199 565 1404 605 verentur.

172 628 257 667 450
285 624 454 667 Probus
485 623 666 668 libertus
698 626 792 669 sine
821 633 976 668 natura
1007 634 1072 669 est
1101 627 1229 670 filius.

286 692 500 736 Prodesse
530 694 605 750 qui
634 692 731 736 vult
758 708 839 735 nee
868 701 1027 750 potest,
1058 709 1194 752 aeque
1225 703 1290 739 est
1319 698 1464 739 miser.

284 759 455 815 Pericla
483 760 662 802 timidus
695 761 825 803 etiam
856 777 968 818 quae
998 777 1084 805 non
1114 771 1214 806 sunt
1244 764 1381 806 videt.

285 827 432 870 Pudor
462 828 610 870 doceri
638 843 725 870 non
755 835 912 886 potest,
943 832 1065 873 nasci
1094 838 1252 888 potest.

286 895 390 937 Plus
423 901 488 937 est
511 910 648 952 'quam
678 910 818 952 poena
849 897 943 938 sine
973 913 1019 939 re
1048 899 1254 941 miserum
1284 899 1449 941 vivere.

174 968 255 1005 455
286 963 504 1006 Pudorem
533 962 722 1006 alienum
754 965 829 1021 qui
859 965 1003 1022 eripit,
1034 965 1179 1022 perdit
1209 965 1347 1008 sunm.

288 1030 508 1073 Patientia
536 1032 671 1073 animi
701 1031 890 1074 occultas
921 1032 1101 1075 divitias
1132 1033 1277 1076 habet.

287 1098 444 1140 Peiora
471 1099 607 1142 multo
628 1100 791 1155 cogitat
820 1107 964 1142 mutus
995 1100 1134 1143 dolor.

289 1166 480 1208 Pecunia
508 1181 595 1208 una
624 1167 819 1223 regimen
850 1174 915 1209 est
944 1182 1087 1210 rerum
1117 1170 1321 1210 omnium.

289 1232 436 1277 Pudor
466 1233 672 1277 dimissus
704 1250 937 1292 numquam
968 1236 1082 1277 redit
1112 1236 1157 1277 in
1186 1238 1384 1291 gratiam.

174 1305 259 1344 460
287 1301 507 1344 Perdendi
537 1303 666 1344 finem
696 1317 821 1344 nemo
851 1303 938 1344 nisi
969 1310 1136 1359 egestas
1167 1298 1286 1346 iacit.

286 1369 432 1411 Poena
460 1369 517 1411 ad.
546 1369 707 1412 malum
737 1370 965 1427 serpendo,
997 1385 1095 1413 cum
1124 1379 1340 1428 properat,
1373 1375 1506 1415 venit.

176 1542 354 1571 comens
383 1532 553 1570 Proverb.
575 1533 686 1570 PRF
702 1533 810 1582 (EC),
831 1534 887 1581 M,
917 1546 949 1571 v.
970 1534 1212 1573 450—500:
1244 1536 1282 1571 F
1297 1535 1360 1583 (T)

175 1634 280 1672 quam
300 1624 505 1659 innocentia
526 1624 599 1670 Pa,
620 1625 846 1660 innocentiae
866 1624 911 1660 M
929 1624 981 1661 94
1124 1624 1243 1661 locum
1264 1630 1363 1661 tenet
1385 1626 1422 1661 F
1450 1626 1552 1662 Vino.

175 1680 363 1716 conversio
384 1680 420 1716 R
562 1680 614 1718 53
645 1677 827 1730 plerique]
851 1680 953 1716 multi
974 1681 1017 1717 M
1036 1681 1116 1717 115
1262 1679 1403 1730 stultis]
1427 1681 1503 1718 aliis
1524 1682 1567 1718 M

174 1737 243 1784 ipsi
263 1736 375 1773 PRF
402 1736 508 1773 Vine.
532 1747 589 1783 sp.
612 1738 735 1774 doctr.
759 1736 809 1783 4,
834 1736 935 1774 172.·
963 1738 1050 1785 ipsis
1071 1737 1134 1783 M,
1156 1749 1226 1774 om.
1251 1737 1282 1773 C
1407 1739 1560 1774 convitia
1593 1739 1695 1776 Vino.

288 1791 341 1828 54
372 1790 564 1842 perturpe]
586 1792 672 1829 nihil
695 1794 835 1842 turpius
856 1804 961 1841 quam
982 1793 1025 1829 M
1047 1794 1125 1830 116
1250 1794 1286 1829 in
1307 1793 1480 1830 abiciente
1501 1794 1549 1840 E,
1571 1794 1694 1831 inobe-

175 1848 317 1885 dienter
337 1849 394 1894 R,
423 1847 684 1886 inobedientiae
715 1848 822 1886 Vino.
952 1849 1004 1886 55
1048 1850 1150 1886 Vinc.
1176 1850 1222 1885 B.
1244 1860 1301 1895 sp.
1323 1851 1358 1886 d.
1381 1849 1421 1896 4,
1443 1850 1497 1887 50
1624 1853 1696 1887 exi·

175 1906 275 1954 genti
306 1905 466 1952 Godofr.
591 1906 643 1944 56
685 1905 794 1943 Vino.
823 1906 870 1942 B.
899 1916 956 1952 sp.
985 1907 1022 1942 d.
1044 1906 1092 1953 4,
1117 1906 1208 1943 135.
1233 1905 1334 1952 144,
1364 1911 1419 1942 est
1446 1907 1506 1954 qui
1535 1917 1566 1942 a.
1594 1918 1636 1942 ex
1665 1919 1695 1944 c.

114 1985 122 1991 ·
175 1972 279 1997 suum
298 1959 383 1997 facit
404 1962 588 2009 proprium
609 1963 647 1998 Ε
759 1962 810 1998 57
843 1974 913 1998 om.
937 1962 974 1997 F
980 1978 991 2003 ,-
1021 1967 1077 1999 ese
1099 1960 1213 1999 Plinii
1231 1965 1339 2008 epist.
1364 1962 1409 2007 3,
1432 1962 1499 2010 20,
1522 1963 1546 1999 8
1576 1961 1694 1999 eMulti

176 2017 201 2054 s.
223 2028 254 2054 c.
275 2029 312 2065 p.
334 2016 383 2052 v.'
407 2017 464 2064 Cf.
488 2017 599 2054 Caec.
624 2019 735 2055 Balb.
757 2018 850 2054 Par.
875 2018 942 2064 65,
957 2029 1023 2066 pq.
1045 2017 1098 2054 42
1221 2018 1304 2055 450
1332 2019 1410 2054 sine
1430 2018 1588 2066 Inyolst.
1611 2020 1641 2055 si
1662 2020 1700 2055 F

287 2072 368 2118 451
401 2079 456 2109 est
483 2066 642 2122 Inqolst]
674 2087 742 2111 om.
764 2075 812 2121 F,
843 2075 955 2110 aliter
982 2075 1156 2111 distinxit
1177 2075 1300 2111 Bothe
1330 2085 1396 2110 nec
1422 2079 1544 2122 potest
1569 2086 1695 2123 aeque,

175 2134 232 2166 est
251 2130 359 2165 miser
490 2129 572 2166 452
603 2131 734 2179 pericla
757 2131 985 2167 Bentleius:'
1007 2130 1163 2178 pericula
1184 2131 1222 2166 F
1350 2129 1432 2166 454
1463 2141 1501 2166 re
1521 2131 1693 2178 Inyolst..-

175 2197 250 2222 rem
272 2186 328 2227 F‚·
357 2197 409 2222 an
429 2186 518 2234 spe?
623 2185 705 2223 455
739 2185 797 2234 Cf.
820 2199 850 2223 v.
874 2186 954 2224 576
1060 2186 1140 2223 456
1174 2185 1332 2223 occultas
1353 2185 1491 2222 divitias
1513 2199 1536 2222 a
1560 2187 1695 2224 Botkio

176 2253 228 2279 ex
249 2244 346 2279 coni.
367 2244 587 2279 restitutum
601 2245 783 2291 firmatur
803 2244 934 2280 codice
954 2243 1011 2279 F.-
1040 2242 1110 2279 div.
1133 2253 1208 2279 occ.
1232 2244 1340 2290 vulyo
1468 2242 1549 2280 457
1581 2243 1695 2280 multo

180 2298 461 2336 Tzsehuclcius:
482 2299 592 2335 multa
610 2300 658 2346 F,
678 2304 808 2348 arguto
825 2299 1016 2346 Halmius,
1038 2298 1189 2348 querulo
1209 2299 1420 2344 Bentleius,
1442 2298 1559 2346 ultore
1580 2301 1693 2337 Anto-

175 2357 276 2402 nius,
298 2353 401 2390 uultu
423 2354 537 2402 Casp.
563 2355 691 2401 Orelli,
713 2355 929 2403 multiloquo
950 2357 1061 2405 agitat
1082 2356 1223 2392 Zellius
1298 2354 1379 2391 458
1412 2354 1470 2402 Cf.
1488 2356 1695 2402 Euripides

175 2406 319 2459 χρυσὸς
332 2403 408 2459 γὰρ
422 2407 539 2457 ἔστιν,
557 2403 601 2455 ὃς
616 2409 774 2459 βροτῶν
790 2407 866 2458 ἔχει
883 2407 1020 2459 κράτη.
1099 2423 1167 2448 una
1184 2412 1346 2448 Gruter.-
1366 2422 1423 2447 om
1455 2412 1509 2452 R.-
1531 2423 1580 2447 an
1598 2423 1693 2447 suiu-

177 2468 298 2504 mum?
318 2468 453 2503 unum?
568 2473 623 2504 est
643 2469 768 2517 regina
788 2468 944 2516 Inyolsl.
1048 2479 1167 2504 rerum
1189 2473 1246 2503 est
1266 2468 1408 2503 Gruter
1519 2466 1601 2504 459
1633 2468 1692 2515 Cf.

177 2524 265 2561 Seu.
287 2525 417 2572 Aqam.
444 2523 521 2561 113
544 2523 702 2560 ‘Periere
724 2535 843 2560 mores
864 2525 919 2560 ius
940 2524 1049 2573 decus
1071 2524 1183 2572 pietas
1205 2523 1292 2559 [ides
1314 2522 1355 2558 Et
1376 2523 1436 2571 qui
1458 2522 1591 2569 redire,
1613 2534 1692 2559 cum
1715 2550 1722 2558 .

176 2581 283 2629 perit,
305 2581 419 2616 nescit
440 2579 588 2629 pudor!
701 2579 785 2618 460
814 2586 961 2629 egestus
979 2583 1180 2627 proposuit
1202 2580 1364 2616 Gruter.-
1384 2579 1437 2626 cf.
1472 2579 1578 2626 Verq.
1600 2581 1692 2615 Aen.

177 2637 224 2684 6,
246 2635 340 2674 276.
373 2636 438 2674 Sil.
460 2637 548 2674 Ital.
580 2636 655 2683 13,
678 2636 758 2673 585
893 2636 969 2674 461
1005 2635 1182 2684 serpendo
1215 2638 1419 2683 proposuit
1448 2635 1589 2671 Bothe.-
1618 2646 1693 2671 ser-

175 2693 296 2741 pentia
315 2693 364 2739 F,
384 2704 532 2742 serpens
554 2693 714 2740 Inyolsl.
830 2689 853 2714 '¹‘
874 2704 954 2729 cum
975 2698 1164 2740 properat:
1193 2700 1275 2727 cuin
1295 2696 1455 2741 proterat
1477 2691 1524 2737 F,
1547 2696 1585 2727 ut
1606 2702 1691 2739 pro-

177 2754 270 2785 terat
297 2751 427 2798 υηῐῃος
456 2750 616 2798 serpenti
645 2749 833 2797 accipiter,
873 2748 1016 2784 advenit
1042 2750 1066 2784 i.
1097 2758 1128 2784 e.
1163 2750 1262 2784 velut
1289 2758 1319 2784 s.
1349 2760 1386 2783 α.
1420 2747 1461 2783 G.
1492 2746 1691 2784 Christius.

178 2803 375 2842 Sententia
398 2810 474 2843 est.-
501 2816 626 2853 poena
646 2807 873 2853 plerumque
894 2806 1021 2841 scelus
1040 2815 1115 2841 non
1137 2806 1262 2840 statim
1284 2806 1474 2851 sequitur,
1497 2805 1567 2840 sed
1583 2806 1616 2840 si
1636 2805 1693 2841 vel

175 2871 347 2908 propere
375 2864 495 2908 venit,
525 2862 671 2909 obrepit
691 2862 871 2908 improbo.
932 2860 990 2908 Cf.
1013 2860 1109 2897 Hor.
1133 2871 1250 2896 carna.
1273 2860 1321 2906 3,
1344 2859 1385 2906 2,
1408 2859 1473 2897 31.
1499 2859 1633 2899 Tibun.
1658 2861 1693 2907 1,

244 2929 411 2956 Punmnus
429 2930 536 2957 Snus.
551 2938 553 2940 ’
1402 2926 1421 2957 7
