1956 3308
22 8 23 11 ,
33 6 35 11 .
37 0 126 14 5555555

602 221 806 253 Pussmml
838 223 941 254 suu
973 225 1278 257 sEN'rssu'rmu.
1649 219 1699 260 91

179 335 266 360 prov.
297 321 421 365 Nihil
441 323 612 376 prodest
640 325 842 376 didicisse,
875 326 973 368 bene
998 327 1136 379 facere
1163 329 1202 370 si
1231 342 1366 371 cesses.

210 396 263 434 10
291 389 415 433 Nihil
444 391 610 433 interest
638 405 717 444 quo
747 393 890 435 animo
917 394 1056 446 facias
1083 396 1196 448 quod
1219 397 1362 448 fecisse
1391 387 1584 439 villosum
1613 402 1680 441 cst.

291 457 411 500 Nam
436 457 554 510 facta
584 463 822 511 cernuntur,
855 461 1025 503 animus
1053 476 1139 504 mm
1168 464 1342 506 videtur.

292 525 393 567 Nou
422 539 550 579 quam
579 527 721 568 multis
742 528 926 581 placeas,
957 530 1030 571 sed
1058 530 1253 583 qualibus
1280 532 1410 574 stude.

292 592 495 647 Nequitia
526 597 620 648 ipsa
641 608 783 648 poena
810 597 880 639 sui
909 599 979 638 est.

291 660 408 703 Nam
438 662 553 703 mala
581 663 829 704 couscientia
857 676 978 717 saepe
1007 667 1098 707 tuta
1127 668 1196 719 est,
1226 679 1372 709 secura
1401 680 1644 720 numquam.

209 733 260 770 15
291 728 512 771 Neminem
541 730 618 771 cito
649 732 920 782 accusaveris,
951 733 1158 775 neminem
1186 735 1264 775 cito
1294 734 1545 777 laudaveris.

292 795 470 840 Nullum
491 797 711 850 putaveris
740 811 823 840 esse
852 799 986 841 locum
1013 801 1104 842 siue
1134 803 1238 843 teste.

291 863 426 906 Nulla
446 864 611 918 pusilla
641 865 798 916 domus,
831 879 938 919 quae
966 867 1115 909 multos
1144 869 1290 922 recipit
1319 871 1485 912 amicos.

290 931 537 985 Numquam
566 933 677 973 euim
705 933 835 974 scelus
862 933 1007 975 scelere
1034 935 1336 978 vindicandum
1365 940 1432 979 cst.

290 1000 500 1042 Naturam
529 999 775 1054 abscondit,
807 1015 905 1042 cum
935 1001 1158 1058 improbus
1189 1010 1307 1046 recte
1336 1003 1456 1046 facit.

289 1068 386 1110 Non
415 1067 554 1124 turpis
586 1073 652 1109 est
682 1068 880 1122 cicatrix,
912 1083 1039 1125 quam
1071 1070 1210 1112 virtus
1242 1072 1369 1128 parit.

288 1135 534 1192 Numquam
563 1134 640 1176 ubi
670 1135 746 1177 diu
776 1135 859 1177 fuit
889 1136 1020 1191 ignis,
1051 1137 1211 1180 defecit
1242 1153 1390 1195 vapor.

176 1208 259 1246 390
288 1203 479 1245 Necesse
509 1208 574 1244 est
603 1204 891 1245 maximorum
920 1204 1098 1246 minima
1129 1220 1224 1247 esse
1253 1206 1388 1248 initia.

288 1270 387 1312 Non
417 1270 595 1326 corrigit
625 1269 702 1312 sed.
732 1269 881 1323 laedit,
914 1272 988 1327 qui
1016 1273 1204 1314 invitum
1234 1274 1359 1329 regit.

289 1337 455 1394 (Nimia
485 1337 762 1380 concedendo
794 1338 1012 1380 interdum
1043 1339 1228 1382 stultitia
1258 1340 1339 1398 fit.)

176 1521 353 1550 comens
374 1511 554 1549 Proverb.:
580 1513 692 1550 PRF
708 1511 799 1561 (EC)
822 1513 877 1559 M,
898 1525 932 1549 v.
953 1513 1194 1551 387—435:
1214 1515 1254 1551 F
1272 1512 1336 1563 (T)

175 1601 349 1650 despicias
372 1605 428 1639 vel
449 1602 623 1650 despicies
646 1603 687 1639 M
808 1602 831 1638 9
863 1602 1023 1648 discere,
1044 1614 1129 1649 sup.
1153 1614 1230 1640 scr.
1255 1604 1309 1640 vel
1331 1604 1557 1642 didicisse'E
1667 1607 1699 1642 si

175 1669 296 1695 cesses
319 1659 356 1694 F
385 1659 488 1695 Vinc.
511 1659 558 1695 B.
579 1669 636 1705 sp.
659 1661 693 1695 d.
716 1658 756 1704 4,
778 1658 852 1695 85:
883 1659 935 1694 sic
955 1670 1052 1695 esses
1075 1661 1122 1705 Ε,
1143 1661 1173 1696 si
1195 1661 1306 1696 cessis
1326 1661 1396 1698 PR
1513 1662 1566 1700 10
1593 1662 1638 1698 M
1656 1662 1695 1708 3,

187 1715 292 1751 Vinc.
315 1716 362 1751 B.
386 1726 445 1761 sp.
467 1716 502 1751 d.
524 1715 563 1757 4,
588 1715 665 1753 106
689 1714 838 1751 ‘Seneca
860 1716 894 1751 in
918 1714 1008 1751 libro
1030 1715 1073 1752 de
1094 1715 1271 1752 moribus:
1304 1717 1390 1753 nihil
1414 1745 1420 1752 .
1444 1746 1452 1754 .
1477 1746 1485 1753 .
1509 1719 1592 1754 est’

178 1771 227 1807 11
259 1768 358 1822 nam]
382 1772 462 1820 quia
485 1771 529 1807 M
546 1772 570 1808 3
690 1771 738 1807 12
771 1771 815 1807 M
833 1771 857 1808 8
973 1783 1154 1820 nunquam
1176 1772 1296 1809 multis
1319 1775 1356 1809 E
1453 1773 1639 1822 equalibus
1663 1776 1700 1810 E

174 1827 285 1864 studu
306 1829 341 1865 R
497 1828 548 1865 13
579 1828 622 1864 M
642 1827 708 1874 64,
742 1828 845 1864 Vinc.
866 1828 913 1863 B.
936 1838 992 1874 sp.
1015 1829 1050 1864 d.
1074 1827 1121 1874 4,
1147 1828 1238 1874 106,
1262 1829 1349 1866 Sen.
1373 1832 1522 1877 epis-tul.
1546 1830 1621 1876 81,
1644 1830 1695 1867 22

175 1882 332 1921 ‘Attalus
360 1889 487 1921 noster
515 1883 633 1920 dicere
661 1882 821 1920 solebat:
852 1883 982 1920 malitia
1010 1885 1086 1932 ipsa
1115 1885 1463 1934 maximamspartem
1494 1887 1620 1923 veneni
1641 1888 1695 1923 sui

174 1939 292 1977 bibit?
314 1941 400 1977 ibid.
422 1939 491 1988 42,
514 1939 537 1976 2
560 1940 645 1977 ‘nec'
661 1940 733 1976 ulla
754 1941 865 1976 maior
883 1951 999 1988 poena
1021 1941 1200 1988 nequitiae
1222 1947 1299 1989 est,
1322 1953 1425 1990 quam
1450 1942 1547 1991 quod
1569 1942 1636 1979 sibi
1657 1954 1696 1979 ac

174 1998 248 2033 suis
269 1996 463 2045 displicet'.
599 1997 673 2032 suis
691 1996 728 2031 F
869 1995 919 2032 14
951 2007 1030 2032 nam
1060 2009 1129 2033 om.
1154 1997 1195 2033 M
1215 1997 1267 2035 65
1401 1994 1526 2048 saepe]
1556 2010 1697 2047 semper

173 2054 255 2090 cod.
279 2054 407 2090 Paris.
428 2051 538 2091 4841
565 2063 669 2089 saec.
690 2053 756 2089 IX
889 2052 939 2089 15
969 2054 1188 2089 accusaveris
1210 2054 1264 2090 vel
1293 2053 1489 2090 laudaveris
1523 2054 1626 2091 Vinc.
1650 2054 1696 2090 B.

175 2121 231 2156 sp.
254 2110 288 2146 d.
310 2108 358 2156 4,
381 2109 445 2146 92.
469 2109 564 2155 170,
586 2120 621 2146 n.
645 2120 674 2145 c.
697 2107 720 2144 l.
743 2119 778 2144 n.
800 2120 829 2145 c.
852 2120 881 2145 a.
903 2109 947 2145 M
966 2108 1039 2154 76,
1061 2120 1096 2144 n.
1121 2120 1150 2144 c.
1172 2120 1200 2145 a.
1224 2121 1258 2146 n.
1280 2122 1310 2147 c.
1333 2111 1422 2154 (vitu
1442 2120 1516 2146 sec.
1540 2123 1588 2147 m.
1610 2121 1693 2157 sup.

173 2164 266 2212 scr.)
288 2165 468 2214 peraberis
489 2167 571 2202 cod.
588 2165 680 2202 Par.
699 2164 807 2201 4841
927 2165 977 2201 16
1009 2165 1052 2201 Μ
1072 2165 1122 2202 79
1219 2177 1298 2202 esse
1319 2166 1436 2202 locum
1455 2166 1563 2204 PRF
1586 2167 1690 2203 Vino.

175 2222 220 2258 B.
243 2233 301 2269 sp.
325 2222 360 2258 d.
383 2221 424 2268 5,
447 2222 520 2260 35:
550 2221 667 2258 locum
690 2232 770 2257 esse
792 2222 830 2257 E
846 2222 926 2258 cod.
950 2221 1077 2258 Paris.
1099 2220 1230 2266 4841,
1259 2235 1286 2257 S.
1309 2228 1335 2258 t.
1359 2222 1383 2258 l.
1407 2233 1486 2259 esse
1518 2223 1622 2260 Vinc.
1649 2223 1693 2258 B.

173 2288 231 2325 sp,
254 2280 291 2315 d.
319 2277 366 2324 4,
388 2278 454 2315 92.
481 2278 562 2316 170
697 2277 746 2314 17
779 2277 876 2314 nulla
906 2277 1034 2326 pusilla
1056 2278 1174 2315 PRM
1197 2278 1294 2316 136:
1326 2289 1399 2315 non
1431 2284 1485 2315 est
1514 2279 1640 2327 pudica
1664 2279 1700 2314 F

295 2345 399 2382 quam
421 2335 459 2371 F
579 2335 716 2382 recepit
738 2333 794 2370 Pa
951 2334 1000 2371 18
1032 2335 1125 2370 enim
1147 2333 1273 2371 PRF:
1303 2347 1372 2372 om.
1394 2335 1435 2371 M
1458 2335 1559 2381 139,
1591 2335 1695 2372 Vinc.

174 2391 221 2427 B.
241 2402 300 2437 sp.
323 2391 358 2427 d.
379 2390 428 2437 4,
452 2391 543 2428 133.
572 2390 648 2428 136
764 2390 976 2426 vincendum
997 2391 1104 2427 codd.
1128 2391 1188 2427 M.-
1216 2390 1271 2439 cf.
1295 2391 1384 2428 Seu.
1411 2391 1563 2438 Thyes-t.
1587 2392 1693 2428 1107

173 2446 328 2484 ‘scelere
357 2447 438 2495 quis
467 2451 595 2495 pensat
617 2445 736 2482 scelus
746 2444 778 2482 ‘3’
895 2446 974 2483 387
1006 2457 1085 2483 cum
1107 2447 1191 2495 imp.
1215 2453 1312 2483 recte
1335 2448 1475 2484 Bothe.-
1506 2448 1589 2495 imp.
1610 2459 1640 2483 c.
1664 2459 1692 2483 r.

173 2504 221 2549 F,
241 2515 272 2540 c.
296 2514 323 2538 r.
347 2504 370 2539 i.
391 2505 501 2555 vulgo
635 2502 715 2539 388
746 2498 770 2523 *
792 2508 815 2538 t.
839 2508 894 2539 est
914 2503 1080 2538 cicatrix:
1111 2508 1166 2539 est
1188 2509 1213 2539 t.
1233 2515 1264 2539 c.
1288 2504 1335 2550 F,
1367 2507 1423 2539 est
1444 2514 1474 2539 c.
1498 2508 1524 2539 t.
1549 2504 1691 2540 Grulcr

287 2559 367 2596 389
400 2559 532 2596 defecit
561 2559 759 2596 Halmius:
791 2557 911 2595 deficit
941 2560 1023 2596 cod.
1053 2559 1083 2596 C
1109 2563 1144 2595 et
1167 2559 1325 2604 Gruter,
1356 2558 1484 2595 cecidit
1504 2559 1552 2606 F,
1580 2558 1695 2595 deruit

173 2616 331 2664 Inqolst.
369 2615 498 2652 occidit
530 2617 718 2662 proposui
755 2614 888 2651 Ploeilol.
924 2614 997 2661 22,
1026 2613 1123 2660 457,
1162 2614 1315 2651 concidit
1354 2616 1400 2651 ΙΙ.
1435 2615 1695 2662 Bruppaclocr

178 2672 408 2709 Turicensis.
469 2671 688 2719 Numquam,
723 2670 784 2706 diu
811 2671 906 2720 ignis
942 2670 1001 2707 uhi
1043 2670 1131 2717 suit,
1171 2670 1258 2707 defit
1292 2683 1402 2719 vapor
1431 2671 1554 2707 Bothe

175 2727 258 2766 390
286 2724 310 2749 ’¹²
331 2739 420 2764 max.
443 2729 526 2764 min.
551 2738 579 2763 e.
603 2727 701 2763 initia
723 2729 770 2763 cl.
796 2739 815 2763 v
847 2726 948 2763 548:
980 2728 1064 2763 min.
1088 2738 1120 2763 e.
1144 2738 1231 2763 max.
1255 2727 1335 2763 vitia
1358 2727 1394 2762 F
1409 2726 1478 2774 (cf.
1502 2727 1596 2763 Sall.
1613 2727 1693 2764 Cat.

175 2783 249 2830 51,
274 2782 360 2831 12),
393 2786 502 2832 vulyo
529 2786 632 2821 inter
659 2783 878 2819 trochaicos
897 2782 983 2820 Esse
1011 2793 1158 2819 necesse
1183 2788 1238 2819 est
1259 2783 1341 2819 vitia
1363 2783 1503 2819 minima
1526 2783 1693 2819 maximo-

173 2849 252 2875 rum
272 2841 420 2876 maxima
537 2839 617 2877 392
652 2839 709 2887 Cf.
736 2838 826 2877 180.
849 2838 929 2875 278
1046 2836 1066 2859 *
1086 2838 1188 2875 stult.
1210 2838 1268 2875 fit:
1301 2837 1340 2875 fit
1362 2844 1407 2875 st.
1432 2838 1476 2874 F.
1538 2839 1692 2875 Versum

175 2897 372 2932 eiecerunt
392 2897 479 2932 inde
500 2909 523 2932 a
547 2897 710 2933 Grutero
731 2905 860 2931 omnes
