1956 3308
555 265 761 300 Punan
792 266 896 299 SYRI
927 264 1232 298 summme.
1576 250 1656 292 113

251 372 440 416 Virtutis
471 369 611 428 spolia
640 385 738 412 cum
767 369 903 423 videt,
933 367 1096 424 gaudet
1124 366 1258 409 labor.

252 440 440 482 Virtutis
470 437 618 481 vultus
649 443 817 496 partem
844 435 976 479 habet
1006 435 1230 478 victoriae.

250 507 427 550 Virtute
457 505 572 564 quocl
601 520 689 548 non
718 505 875 563 possis,
905 501 1118 545 blanditia
1146 500 1334 544 auferas.

250 573 494 632 Utrumque
523 589 668 616 casum
698 573 894 631 aspicere
923 570 1068 625 debet,
1100 570 1173 627 qui
1202 570 1401 625 imperat.

38 686 44 697 ,
113 668 115 671 <
141 646 224 686 650
253 641 467 700 Voluptas
498 642 632 684 tacita
659 646 801 683 metus
833 645 898 682 est
926 653 1052 694 mage
1083 651 1211 695 quam
1240 634 1460 692 gaudium.

251 709 350 752 Viri
380 709 482 752 boni
514 715 585 752 est
613 709 781 751 nescire
809 707 1016 750 iniuriam
1044 706 1150 763 pati.

255 777 391 820 Vultu
420 793 477 820 an
507 784 662 820 natura
693 776 866 834 sapiens
895 775 971 828 sis,
1001 772 1185 816 multum
1213 772 1407 814 interest.

254 845 420 888 Virtuti
449 860 639 888 amorem
668 858 794 886 nemo
824 843 1006 885 honeste
1036 841 1235 897 denegat.

140 926 228 952 nov.
259 913 408 956 Zelum
436 914 486 955 de
515 913 586 956 deo
617 915 783 955 tantum
811 910 977 962 habeas,
1009 923 1094 952 non
1123 911 1268 952 contra
1297 907 1493 950 homines.

143 985 222 1023 149
252 980 400 1024 Zelari
428 983 568 1024 autem
595 979 833 1024 hominibus
861 979 1056 1021 vitiosum
1085 980 1153 1020 est.

148 1142 325 1172 comens
346 1144 379 1169 v.
402 1131 644 1170 629—653:
676 1131 714 1167 F
730 1129 836 1179 (Τπ),
866 1127 1032 1166 Proverb.
1054 1129 1166 1166 PRE

149 1223 202 1272 cf.
223 1234 255 1260 v.
279 1222 375 1260 238.
397 1221 478 1260 592
606 1220 795 1257 inferendo
815 1231 845 1256 π
972 1220 1098 1256 invites
1119 1218 1173 1254 F.-
1192 1218 1320 1254 invitas
1339 1229 1368 1254 π
1387 1217 1546 1265 Inqolst.

150 1279 229 1318 647
263 1278 322 1327 Cf.
342 1291 375 1316 v.
398 1278 479 1316 492
576 1277 706 1314 vulnus
725 1277 884 1326 Inyolst.
993 1274 1073 1313 648
1103 1285 1177 1311 non
1199 1286 1268 1312 om.
1291 1285 1320 1309 π
1418 1272 1497 1310 649
1528 1277 1666 1308 utrum-

149 1347 219 1384 que
239 1331 380 1386 casum]
410 1337 433 1372 i.
456 1346 488 1372 e.
517 1336 714 1372 victoriam
743 1338 779 1370 et
803 1333 958 1382 fuyam,
995 1333 1053 1369 vel
1073 1341 1270 1379 prospera
1300 1334 1336 1366 et
1364 1331 1529 1367 adversa

150 1392 233 1430 650
262 1402 365 1440 mage
387 1391 548 1429 Gruter.-
575 1390 690 1439 magis
711 1389 747 1425 F
753 1406 765 1431 ;
794 1401 840 1425 m.
862 1389 975 1437 magis
998 1398 1103 1436 quam
1126 1386 1293 1435 gaudium
1314 1392 1370 1423 est
1390 1386 1535 1432 Bothe,
1564 1394 1666 1432 mage

76 1468 79 1470 >
150 1459 196 1485 m.
220 1460 254 1496 q.
277 1460 313 1496 g.
336 1453 393 1484 est
414 1447 558 1485 Gruter
700 1446 777 1483 651
810 1442 834 1467 '¹‘
855 1445 1016 1482 iniuriam
1037 1444 1110 1493 pati
1129 1445 1214 1480 coll.
1236 1455 1270 1480 v.
1292 1443 1365 1480 99:
1387 1443 1449 1479 ini.
1471 1441 1586 1478 facere
1606 1440 1670 1476 Fu

149 1506 251 1542 unde
280 1505 390 1552 vulqo
424 1503 542 1541 facere
570 1503 746 1539 iniuriam.
804 1506 852 1538 At
879 1503 976 1538 idem
1004 1501 1128 1538 codex
1157 1510 1187 1535 π
1207 1501 1330 1546 paulo
1356 1510 1478 1545 supra
1508 1498 1664 1534 eandem

149 1562 374 1598 sententiam
402 1562 459 1598 sic
487 1560 662 1597 exhibet.-
698 1558 736 1594 V.
758 1557 791 1594 b.
814 1563 870 1594 est
897 1558 1035 1594 nescire
1062 1556 1135 1604 pati
1164 1555 1219 1591 vel
1248 1555 1366 1592 facere
1392 1554 1555 1590 iniuriam
1584 1564 1669 1589 cum

151 1617 263 1655 Caec.
286 1616 412 1654 Balbo
431 1615 588 1654 Monac.
610 1614 677 1662 22,
698 1613 724 1650 4
746 1613 804 1662 (p.
827 1613 909 1661 27),
935 1613 1064 1650 Paris.
1088 1611 1138 1648 12
1162 1609 1219 1661 (p.
1244 1610 1333 1659 38);
1364 1611 1501 1647 nescire
1521 1609 1577 1645 vel
1597 1608 1668 1657 pati

150 1672 207 1710 vel
235 1672 352 1710 facere
378 1673 541 1709 iniuriam
580 1672 684 1709 Vino.
711 1671 811 1708 Bell.
841 1681 898 1717 sp.
926 1670 1012 1706 hist.
1034 1668 1080 1715 3,
1101 1667 1176 1715 82,
1203 1678 1263 1715 sp.
1292 1668 1328 1703 d.
1349 1666 1396 1714 4,
1417 1666 1492 1712 83,
1523 1666 1671 1702 Walter

152 1729 266 1767 Burl.
283 1741 314 1766 s.
332 1742 366 1767 v.
384 1729 540 1766 Aristot.
562 1733 603 1765 ut
622 1729 669 1765 de
688 1729 912 1776 ylossemate
934 1728 999 1763 vix
1018 1725 1189 1762 dubitari
1200 1725 1336 1770 possit.
1417 1721 1497 1759 652
1528 1722 1669 1769 sapiens

150 1786 201 1822 sis
222 1785 365 1823 Bothe.-
385 1786 435 1822 sis
454 1795 533 1833 sap.
556 1784 594 1820 F
684 1783 867 1821 Proverb.
894 1781 987 1829 148,
1013 1780 1089 1818 149
1110 1780 1239 1821 PRE,·
1268 1791 1338 1817 om.
1361 1777 1437 1816 FC.

231 3013 400 3041 Pumnms
417 3013 524 3041 Sum.
1388 3001 1409 3033 8
