1956 3308
330 217 341 227 ⁴
377 236 431 276 252
947 247 1301 278 vaoalcuommA.

379 345 464 399 VI,
497 352 538 388 et
568 345 673 388 libb.
707 346 855 388 XXX.
887 354 929 388 et
959 347 1133 390 XXXI.
1167 347 1328 404 speculi
1363 347 1589 402 naturalis,
1628 351 1871 405 praemissis

377 412 630 468 plerumque
668 412 811 454 verbis
857 413 950 454 ‘Ex
988 413 1227 470 proverbiis
1265 414 1537 470 sapientum’
1575 415 1630 456 ad
1668 415 1871 458 ducentas

376 480 624 531 sententias,
655 485 741 519 tam
770 480 977 533 genuinas
1009 494 1133 535 quam
1158 479 1410 522 subditieias
1436 480 1532 523 illas
1553 487 1594 522 et
1615 482 1736 537 quasi
1757 483 1871 524 vica-

378 546 485 599 rias,
517 544 674 586 multas
705 544 871 586 duobus
901 545 1094 587 tribusve
1115 545 1232 588 locis.
1290 546 1380 588 Nec
1399 545 1516 590 aliud
1537 547 1766 604 quidquam
1789 549 1884 590 nisi'

378 611 606 668 proverbia
635 611 709 652 illa
729 612 947 666 cognitum
969 618 1058 654 erat
1079 611 1271 654 Waltero
1293 612 1464 655 Burleio
1485 614 1721 670 ceterisque
1741 615 1872 657 medii

376 678 472 719 aevi
503 677 802 734 scriptoribus,
834 693 938 734 quos
970 693 1216 720 enumcrare
1244 694 1328 721 non
1357 681 1524 722 attinet.
1583 680 1701 722 Haec
1731 681 1870 723 hacte-

377 758 457 786 nus
487 743 541 784 de
571 742 789 786 codicibus
819 744 1039 794 mutilatis.

488 808 679 851 Alterius
718 810 912 852 codicum
950 812 1120 867 stirpis,
1159 811 1228 853 eui
1265 811 1434 868 plenam
1472 812 1676 854 debemus
1705 820 1871 856 sentcn—

377 877 532 917 tiarum
571 875 885 930 collectionem,
926 869 1162 919 litterarum
1193 877 1344 920 N—V
1366 877 1479 920 ultra
1517 878 1720 921 ducentas
1751 895 1871 922 sexa-

376 943 498 998 ginta
533 949 575 984 et
611 943 795 999 priorem
837 949 1001 1000 partem
1038 950 1207 985 centum
1245 944 1336 986 fere
1373 945 1567 987 versibus
1608 946 1872 1003 ampliorem,

377 1024 486 1051 unus
525 1016 590 1051 est
626 1015 883 1066 propagator
918 1010 1055 1051 codex
1084 1010 1387 1066 Frisingensis.
1446 1012 1555 1053 Nam
1585 1027 1720 1069 neque
1749 1013 1871 1055 Turi-

378 1090 548 1118 censem
576 1076 920 1118 aut‘Parisinum
950 1077 1057 1118 8027
1091 1077 1158 1132 (π)
1190 1078 1282 1134 pari
1313 1077 1404 1120 loco
1434 1092 1590 1135 ponere
1619 1079 1739 1133 licet,
1778 1094 1873 1121 eum

378 1157 533 1200 paucas
566 1149 734 1184 tantum
764 1143 1011 1199 posterioris
1041 1144 1174 1199 partis
1205 1142 1390 1199 (N-V)
1422 1146 1655 1187 sententias
1685 1146 1872 1188 tradide-

377 1211 483 1263 rint,
514 1224 592 1251 nec
622 1208 1000 1251 Vindobonensem
1028 1217 1101 1251 aut
1131 1209 1420 1252 Palatinorum
1449 1211 1676 1267 optimum,
1707 1213 1752 1254 in
1782 1215 1872 1269 qui-

377 1276 457 1318 bus
487 1291 585 1332 pars
615 1290 819 1318 novarum
849 1276 1158 1318 sententiarum
1187 1290 1213 1317 a
1229 1275 1385 1318 litteris
1405 1276 1565 1319 A—-M
1578 1278 1871 1334 incipientium

379 1349 549 1384 servata
579 1349 658 1384 est.

490 1409 550 1451 Ut
587 1415 726 1451 autem
759 1408 1047 1464 Frisingensis
1077 1408 1383 1465 amplissimam
1412 1412 1718 1453 sententiarum
1748 1411 1872 1454 eolle-

378 1476 561 1517 ctionem
592 1475 789 1528 exhibet,
826 1476 907 1528 ita,
939 1475 975 1517 si
1005 1476 1294 1517 sinceritatem
1323 1477 1559 1533 scripturae
1588 1485 1775 1534 spectes,
1807 1494 1873 1520 co-

379 1541 548 1583 dicibus
585 1541 744 1593 saeculi
781 1543 882 1582 noni
919 1556 970 1583 ac
1006 1542 1159 1584 decimi
1196 1542 1374 1585 inferior
1404 1549 1484 1586 est.
1541 1544 1601 1586 Ut
1630 1542 1791 1585 tacea'm
1821 1543 1903 1585 de·

378 1607 635 1664 quibusdam
655 1607 994 1663 interpolationis
1016 1609 1227 1664 vestigiis,
1255 1610 1504 1666 praesertim
1525 1609 1628 1651 ordo
1651 1611 1876 1652 verborum

380 1675 550 1731 saepius
580 1675 688 1716 adeo
717 1674 912 1717 turbatus
943 1682 1021 1729 est,
1052 1681 1098 1717 ut
1127 1675 1292 1717 librarii
1312 1689 1434 1717 aures
1454 1690 1481 1717 a
1500 1676 1760 1718 senariorum
1779 1677 1874 1718 icti-

379 1740 460 1782 bus
499 1740 660 1783 alienas
703 1741 838 1783 fuisse
881 1747 1039 1798 pateat.
1100 1742 1301 1784 Servavit
1343 1748 1484 1784 tamen
1522 1757 1631 1784 unus
1668 1743 1875 1786 vocabula

333 1845 346 1855 ,
377 1807 541 1864 aliqua,
582 1822 690 1864 quae
718 1808 764 1849 in
793 1809 946 1850 ceteris
983 1808 1203 1850 codicibus
1239 1807 1436 1851 omnibus
1466 1809 1793 1863 interciderunt,
1832 1825 1873 1851 v.

382 1875 476 1916 132·
488 1889 623 1928 saepe,
662 1874 745 1916 244
773 1877 915 1927 etiam,
953 1875 1035 1917 263
1064 1876 1173 1928 quod
1198 1875 1315 1917 videt.
1374 1874 1534 1916 Iisdem
1564 1876 1655 1936 f⁰¹2⁰
1685 1883 1726 1918 et
1756 1877 1873 1935 vitiis

380 1948 422 1982 et
443 1942 677 1983 virtutibus
698 1940 934 1998 praecellit,
965 1941 1037 1997 qui
1059 1942 1098 1982 ei
1119 1941 1240 1997 quasi
1261 1942 1599 1999 consanguineus
1628 1948 1707 1996 est,
1738 1942 1875 1984 codex

379 2007 727 2051 Vindobonensis
750 2007 984 2061 mutilatus,
1015 2009 1089 2063 qui
1118 2006 1199 2050 hoc
1218 2006 1434 2063 singulare
1453 2007 1594 2060 habet,
1625 2009 1737 2064 quod
1759 2009 1874 2051 solus

379 2073 537 2115 formas
567 2073 730 2131 aliquas
769 2081 962 2117 vetustas
993 2073 1186 2128 exhibet,
1217 2080 1264 2115 ut
1292 2089 1335 2115 V.
1367 2073 1416 2115 18
1439 2077 1553 2128 pote,
1585 2074 1640 2116 84
1668 2077 1875 2128 repremit·-

382 2155 482 2192 nms,
514 2141 568 2182 92
589 2142 804 2194 periclum.
863 2142 983 2183 Inter
1012 2147 1174 2183 ceteros
1195 2140 1439 2182 Turicensis
1460 2139 1605 2197 aliqua
1625 2155 1752 2183 verae
1771 2142 1874 2183 scri-

380 2213 528 2263 pturae
559 2209 743 2262 vestigia
772 2206 886 2249 solus
916 2221 1111 2249 servasse
1141 2206 1327 2261 videtur,
1357 2205 1434 2247 sed
1464 2221 1513 2248 ea
1542 2207 1704 2249 incerta
1733 2207 1876 2249 reddit

381 2271 731 2329 interpolatorum
760 2273 954 2327 licentia,
986 2287 1092 2329 quae
1122 2278 1240 2314 tanta
1269 2279 1353 2326 est,
1384 2278 1431 2320 ut
1461 2287 1569 2329 quae
1597 2279 1738 2314 merae
1766 2272 1873 2314 lubi-

381 2339 473 2380 dini
510 2339 738 2381 tribuenda
774 2340 880 2392 sint,
921 2353 1028 2395 quae
1059 2338 1279 2381 codicibus
1309 2338 1376 2380 vel
1408 2338 1655 2381 melioribus
1686 2338 1756 2380 vel
1785 2353 1874 2380 cor-

380 2405 539 2462 ruptis,
577 2420 704 2461 acgre
739 2420 866 2462 saepe
896 2405 1120 2447 diiudices.
1178 2404 1337 2462 Aliqua
1366 2413 1507 2447 tamen
1537 2404 1876 2461 interpolationis

381 2478 569 2514 monstra
598 2472 691 2514 orta
721 2487 813 2514 esse
842 2472 1043 2513 videntur
1073 2486 1127 2513 ex
1148 2471 1294 2514 codice
1313 2478 1387 2514 aut
1408 2478 1607 2528 corrupto
1627 2478 1702 2514 aut
1721 2471 1875 2513 litteris

382 2539 520 2580 minus
552 2537 675 2580 claris
702 2539 875 2595 scripto,
906 2538 1042 2580 veluti
1064 2553 1105 2579 v.
1126 2538 1177 2580 91
1202 2540 1434 2593 inyratuitu
1455 2538 1520 2593 (in
1544 2539 1729 2592 ¹qratiam.
1757 2538 1872 2593 tuto),

381 2604 462 2647 483
484 2606 589 2659 petit
619 2604 825 2659 (potenti).

494 2670 616 2723 Quae
656 2686 751 2712 cum
787 2671 849 2713 ita
877 2672 982 2724 sint,
1022 2671 1205 2712 Parisini
1238 2670 1304 2714 Pa
1334 2677 1376 2713 et
1407 2670 1485 2724 Pb,
1515 2669 1874 2724 Rheinaugiensis

381 2743 509 2793 atque
530 2737 779 2780 Basiliensis
810 2737 863 2779 de
894 2737 1034 2794 palma
1063 2743 1240 2779 certant.
1299 2736 1491 2789 Quorum
1521 2737 1558 2778 si
1578 2735 1873 2790 Basiliensem,

357 2804 454 2858 ‚qui
486 2804 577 2859 ipse
607 2803 855 2846 Basiliensis
887 2806 988 2858 sim,
1027 2805 1232 2861 optimum
1263 2818 1357 2846 esse
1390 2803 1508 2857 dico,
1547 2817 1800 2858 quamquam
1829 2803 1875 2844 in

382 2869 461 2918 hoc
497 2884 663 2927 quoque
700 2870 834 2913 multa
870 2869 1066 2913 socordia
1100 2877 1273 2927 peccata
1310 2876 1430 2924 sunt,
1469 2868 1513 2911 id
1550 2883 1634 2911 non
1670 2869 1716 2910 fit
1747 2884 1872 2912 caeco
