1956 3308
330 243 385 287 44
899 250 1255 284 PROLEGOMENA.

330 362 503 411 agatur:
535 354 730 396 destituti
760 353 871 395 cuim
896 365 975 408 ope
995 351 1154 393 codicis
1175 349 1518 392 Vindoboncnsis
1539 354 1708 406 praeter
1726 350 1818 394 Fri·

331 423 572 477 singenscm
611 419 700 462 solo
735 419 912 461 nitimur
947 417 1251 459 sententiarum
1289 415 1457 458 delectu
1495 415 1740 471 Turicensi,
1774 418 1820 460 in

332 503 414 545 quo
449 488 505 529 ad
536 487 690 542 viginti
727 485 913 541 quinque
941 483 1067 525 huius
1096 482 1230 540 partis
1261 480 1485 535 versiculi,
1524 482 1641 538 iique
1669 481 1818 540 depra-

333 554 555 605 vatissimi,
586 559 766 593 aetatem
795 549 999 603 tulerunt,
1030 555 1072 591 et
1102 548 1247 591 codice
1276 548 1472 590 Parisino
1502 548 1625 602 8027,
1656 548 1710 591 dc
1737 564 1820 606 quo

332 620 386 661 cf.
418 634 487 675 pg.
522 619 585 660 19.
644 617 733 658 Vix
762 630 915 673 operae
943 616 1126 673 pretium
1157 621 1220 656 est
1249 628 1596 668 commemorare,
1624 615 1821 660 versibus
1894 662 1901 670 ,

330 688 411 727 389
432 692 472 726 ct
491 685 573 726 542
601 683 804 725 accedere
832 682 1129 725 auctoritatem
1159 681 1317 724 codicis
1338 681 1524 723 Parisini
1544 680 1666 724 8049.
1716 681 1821 732 Eae

333 751 651 803 sententiae,
698 750 822 806 quin
861 749 970 790 sint
1008 747 1256 801 Publilii,
1301 762 1400 790 non
1438 753 1515 789 est
1553 747 1689 804 quod
1729 747 1820 790 du·
1947 762 1950 763 ⁷

334 818 572 859 bitemus.

442 883 710 939 Quamquam
739 883 808 924 hic
836 895 1001 938 quoque
1032 880 1167 933 valet,
1199 880 1314 936 quod
1342 881 1428 922 iam
1457 894 1586 937 supra
1611 880 1820 924 vidimus:

333 965 455 1007 posse
484 955 700 1006 suspectas
731 949 836 1001 fieri,
868 961 975 1004 quae
1005 946 1085 989 sub
1106 946 1232 988 finem
1253 946 1490 988 litterarum
1510 946 1820 1003 N—Vlegun-
1894 965 1896 967 ·
1948 991 1951 1009 ,-

332 1025 414 1069 tur,
444 1023 590 1072 utpote
609 1030 635 1056 a
654 1014 830 1057 librario
860 1013 1059 1056 collectas
1089 1027 1144 1054 ex
1163 1012 1247 1056 alio
1267 1013 1458 1070 pleniore
1477 1013 1638 1055 codice.
1688 1013 1759 1056 Sic
1779 1028 1820 1056 v.
1950 1019 1951 1075 J

330 1084 426 1136 500,
448 1083 520 1139 qui
541 1088 604 1123 est
625 1081 798 1123 ultimus
819 1080 985 1122 litterae
1007 1079 1057 1134 P,
1079 1079 1193 1136 apud
1207 1079 1440 1122 Caecilium
1456 1080 1637 1122 Balbum
1658 1095 1852 1138 quoque·
1894 1096 1914 1124 5:
1942 1123 1943 1126 ,

332 1149 500 1204 legitur,
531 1148 696 1190 Monac.
717 1147 785 1200 48,
809 1148 847 1201 7,
878 1161 949 1203 pg.
971 1147 1045 1200 343
1076 1148 1121 1188 in
1150 1161 1279 1188 versu
1298 1147 1381 1189 499
1399 1146 1587 1190 insolens
1616 1153 1681 1189 est
1708 1146 1821 1189 locu·
1898 1157 1911 1206 15
1943 1173 1944 1176 =

332 1216 390 1257 tio
413 1215 602 1269 pericula
628 1215 807 1267 accipere
816 1213 872 1268 ²¹⁴),
904 1213 1020 1255 dicta
1047 1213 1103 1254 ad
1132 1212 1372 1269 analogiam
1403 1214 1494 1270 eius
1515 1213 1629 1270 quod
1650 1219 1716 1256 est
1734 1214 1838 1257 vul--
1896 1252 1898 1254 ,

331 1296 433 1323 nera
461 1282 662 1334 accepera
692 1281 737 1320 in
765 1294 894 1333 yersu
913 1280 994 1321 498
1019 1279 1105 1335 Pro
1135 1280 1240 1322 bima
1266 1281 1387 1333 sama
1415 1282 1602 1323 wmxima
1630 1284 1687 1322 est
1713 1281 1822 1323 here-

332 1350 440 1390 ditas
467 1362 551 1389 non
581 1346 719 1409 placet
749 1345 989 1388 emendatio
1019 1347 1213 1402 quamvis
1242 1345 1383 1388 facilis
1406 1346 1541 1389 Probo
1571 1347 1678 1389 bona
1703 1347 1823 1399 fama

333 1429 383 1456 m.
414 1417 471 1455 est
498 1415 536 1455 h.
568 1412 709 1467 (nemo
739 1413 851 1454 enim
879 1412 1097 1468 improbus
1127 1412 1240 1454 bona
1268 1412 1382 1454 fama
1410 1413 1601 1468 fruitur),
1634 1412 1710 1455 scd
1738 1419 1821 1454 sta-

332 1479 535 1521 tuendum
564 1480 704 1535 potius
735 1493 830 1519 eum
859 1493 1029 1520 versum
1059 1479 1370 1535 interpretandi
1389 1478 1460 1521 vel
1479 1478 1677 1521 variandi
1696 1493 1823 1521 causa

330 1545 385 1587 ad
414 1560 456 1587 v,
487 1546 566 1587 217
597 1545 860 1601 adscriptum
890 1545 1037 1587 fuisse.
1095 1545 1164 1588 Cf.
1193 1545 1250 1587 ad
1278 1561 1321 1587 v.
1350 1546 1433 1588 423
1463 1552 1505 1588 et
1531 1546 1628 1588 583.

440 1613 486 1667 6)
517 1612 831 1668 Disputationis
860 1613 992 1667 igitur
1021 1618 1188 1654 nostrae
1218 1627 1381 1655 summa
1410 1619 1488 1666 est,
1517 1618 1566 1655 ut
1594 1626 1701 1669 quae
1726 1618 1824 1670 post
1898 1594 1907 1611 '⁷

331 1694 373 1719 v.
402 1679 484 1720 386
513 1677 729 1720 inclinatis
758 1677 913 1720 litteris
944 1679 1127 1735 exprimi
1156 1679 1379 1732 iussimus,
1415 1693 1442 1720 a
1469 1677 1655 1721 Publilio
1683 1678 1824 1720 aliena

331 1746 586 1799 iudicemus,
625 1744 790 1801 reliqua
826 1746 968 1787 omnia
1004 1745 1103 1788 dato
1142 1747 1186 1787 in
1224 1745 1404 1801 singulis
1439 1746 1702 1803 exceptionis
1731 1746 1823 1788 iure

330 1812 385 1852 ad
423 1812 726 1853 sententiarum
765 1810 1056 1853 collectionem
1092 1827 1118 1853 a
1148 1811 1288 1854 Gellio
1325 1811 1541 1854 laudatam
1575 1812 1822 1855 referamus.

332 1879 421 1920 Iam
442 1880 672 1935 quaeritur,
694 1884 837 1920 utrum
857 1879 1153 1921 sententias
1184 1893 1246 1920 ex
1275 1878 1511 1921 omnibus
1542 1893 1667 1935 quos
1696 1893 1821 1920 enu-

331 1946 643 1987 meravimus
682 1944 958 1986 codicibus
995 1946 1047 1987 in
1080 1960 1229 1987 unum
1260 1945 1569 1987 coniunctas
1598 1960 1823 2002 aequare
1891 1944 1901 1951 '

332 2026 520 2067 corpus
552 2011 937 2053 sententiarum
967 2011 1330 2054 Gellianarum
1360 2025 1622 2065 censeamus,
1653 2027 1708 2054 an
1737 2018 1820 2054 sta-

331 2084 498 2119 tuamus
548 2076 704 2118 nobis
753 2077 1021 2134 epitomen
1072 2085 1270 2130 tantum
1321 2093 1382 2120 ex
1429 2077 1542 2119 illis
1590 2077 1822 2121 relictam

332 2144 476 2186 csse?
507 2144 655 2185 Liceat
682 2158 771 2184 rem
800 2143 857 2185 ad
886 2143 1069 2186 calculos
1099 2158 1266 2187 vocare.

442 2210 561 2262 Quos
597 2209 744 2251 retulit
780 2216 867 2251 tres
898 2210 1076 2252 Publilii
1105 2219 1254 2254 versus
1285 2211 1446 2254 Seneca
1475 2211 1640 2264 rhetor,
1677 2226 1822 2254 omnes

332 2278 375 2318 in
406 2275 624 2318 codicibus
653 2277 810 2318 nostris
841 2282 1010 2330 extant,
1042 2292 1083 2318 v.
1115 2275 1211 2331 236,
1240 2277 1336 2331 438,
1367 2277 1463 2331 628,
1493 2278 1596 2319 item
1624 2280 1823 2334 quattuor

332 2358 437 2398 quos
468 2342 629 2384 Seneca
658 2341 932 2399 philosophus
963 2357 1005 2385 v.
1040 2346 1076 2397 l,
1107 2344 1147 2397 2,
1186 2344 1277 2398 119,
1304 2344 1400 2398 250,
1431 2350 1474 2386 et
1503 2358 1627 2400 quem
1657 2342 1820 2386 Salvia·
1865 2389 1871 2396 ,

332 2424 432 2462 nus,
464 2423 504 2449 v.
535 2409 610 2463 283
648 2409 986 2465 quattuordecim
1017 2410 1200 2467 denique
1229 2409 1518 2453 Gellianorum
1549 2411 1823 2453 inveniuntur
1885 2405 1922 2426 ”

331 2475 550 2517 tredecim.
611 2475 769 2516 Eorum
799 2490 944 2529 unum,
966 2477 1157 2530 Improbe
1176 2476 1417 2530 Neptunum
1445 2480 1620 2528 accusat,
1651 2478 1724 2530 qui
1750 2477 1822 2519 itc-

332 2556 426 2583 rum
462 2542 734 2595 naufrayium
767 2543 889 2594 facit,
929 2544 974 2584 in
1004 2542 1094 2585 solo
1126 2544 1165 2584 T
1188 2551 1406 2585 servatum
1435 2557 1528 2586 esse
1555 2558 1679 2586 nemo
1708 2549 1822 2585 certe
1865 2597 1875 2603 -
1899 2572 1911 2591 ;

333 2607 579 2661 mirabitur,
611 2622 705 2649 cum
735 2607 976 2650 hominibus
1006 2609 1249 2651 christianis
1277 2615 1351 2651 aut
1379 2608 1545 2652 inutilis
1571 2616 1646 2652 aut
1673 2609 1821 2652 obscu-

333 2674 419 2715 rior
448 2674 585 2715 videri
615 2675 812 2730 potuerit.
871 2674 1020 2731 Itaque
1049 2690 1155 2717 unus
1185 2681 1345 2717 tantum
1375 2689 1541 2729 versus,
1571 2687 1696 2732 quem
1714 2674 1820 2730 legi-

334 2755 425 2781 mus
454 2740 567 2796 apud
597 2739 796 2794 Gellium,
827 2741 871 2782 in
899 2742 1056 2783 nostris
1087 2740 1304 2784 codicibus
1335 2740 1620 2794 desideratur,
1651 2754 1693 2781 v.
1727 2741 1819 2783 106.

334 2805 385 2846 Id
421 2822 504 2847 non
540 2808 678 2848 minus
715 2814 964 2862 argumento
993 2814 1059 2850 est
1098 2807 1284 2850 librariis
1320 2807 1457 2850 locum
1486 2806 1639 2867 Gellii,
1673 2807 1738 2860 17,
1771 2806 1822 2849 14

423 2884 458 2927 *)
485 2885 539 2918 Cf.
565 2870 684 2919 tamen
709 2885 781 2919 Cic.
808 2897 843 2929 p.
868 2886 982 2930 Sulla,
1009 2890 1036 2926 1,
1065 2890 1098 2922 1:
1123 2885 1365 2932 calamitatem
1387 2884 1555 2929 accipere.
