1956 3308
296 224 374 266 122
804 238 1092 271 semem-mn
1122 241 1266 275 muso

404 334 508 378 Cum
539 337 593 378 de
621 338 746 379 unius
774 338 964 381 moribus
995 339 1221 395 iudicabis,
1252 341 1307 385 de
1334 343 1516 400 publicis
1547 346 1702 401 cogita.
1746 364 1748 369 ·

403 402 511 444 Cum
539 402 783 445 hominibus
812 418 974 460 pacem,
1007 404 1119 447 bella
1148 421 1244 448 cum
1274 409 1392 451 vitiis
1422 410 1545 454 habe.

400 467 508 510 Cum
537 482 640 524 pare
666 470 921 512 contendere
950 470 1165 526 indecens,
1197 487 1293 516 cum
1320 477 1538 533 superiore
1558 478 1779 533 furiosum,

1087 552 1182 580 cum
1211 539 1413 583 inferiore
1441 544 1675 587 sordidum.

401 599 640 656 Cupiditati
669 601 793 644 tarda
822 608 887 644 est
916 603 1012 660 ipsa
1041 603 1250 648 celeritas.

317 670 371 708 90
399 665 613 708 Damnum
642 668 728 709 nisi
758 683 813 709 ex
841 669 1105 712 abundantia
1134 686 1228 713 raro
1259 673 1392 715 venit.

397 732 538 774 Datur
567 735 731 776 meritis
761 736 969 777 maiorum
999 736 1115 779 nulla
1143 736 1293 793 gloria.

398 798 614 841 Deformis
646 800 864 842 simiarum
894 803 974 844 erit
1002 802 1302 859 pulcherrima.

397 865 586 907 Demens
617 872 681 908 est
711 867 902 924 quisquis
933 875 1123 925 praestat
1153 872 1286 913 errori
1315 872 1458 915 fidem.

398 931 492 973 Deo
522 931 695 975 favente
724 935 902 989 naviges
933 935 1002 976 vel
1033 937 1208 979 vimine.

316 1002 366 1038 95
396 997 669 1045 Desiderium
698 999 848 1042 melius
881 1002 1015 1044 vitam
1046 1003 1362 1062 custod[iv]erit
1391 1019 1517 1063 quam
1549 1009 1687 1052 timor.

395 1064 502 1106 Dies
533 1065 786 1122 quandoque
815 1081 1014 1122 noverca,
1047 1070 1301 1127 quandoque
1331 1079 1394 1114 est
1423 1071 1591 1130 parcns.

399 1130 591 1172 Difficile
619 1132 870 1175 reciduntur
900 1133 1063 1191 [vitia],
1095 1151 1202 1192 quae
1232 1137 1456 1181 nobiscum
1486 1142 1712 1184 creverint.

394 1195 624 1239 Difficilius
654 1204 719 1241 est
746 1199 978 1255 moderari,
1009 1201 1085 1244 ubi
1113 1202 1250 1245 dolori
1280 1204 1461 1248 debetur
1489 1206 1618 1263 ultio,
1654 1222 1782 1266 quam

1081 1268 1157 1310 ubi
1187 1271 1395 1327 exemplo.

393 1329 574 1372 Discute
603 1331 718 1388 quod
740 1331 897 1381 audias
927 1347 1065 1389 omne,
1096 1335 1211 1392 quod
1241 1338 1390 1380 eredas
1420 1339 1567 1395 proba.

287 1401 364 1438 100
393 1396 617 1439 Dissensio
648 1398 703 1440 ab
732 1398 831 1452 alio,
861 1414 887 1440 a
916 1405 958 1441 te
987 1401 1043 1442 sit
1072 1402 1376 1447 reconciliatio.

266 1480 283 1500 ο
391 1462 637 1507 Dissolutus
668 1471 733 1507 est
761 1464 927 1508 deliciis
948 1467 1067 1509 euius
1089 1467 1201 1511 latus
1220 1468 1359 1514 alieno
1380 1470 1526 1515 labore
1545 1474 1778 1519 condoluit.

389 1529 520 1572 Domi
550 1545 721 1572 manere
750 1532 892 1573 virum
921 1533 1185 1577 fortunatum
1214 1536 1350 1580 decet.

390 1595 576 1638 Domum
606 1598 681 1653 qui
710 1598 923 1654 aedificat,
953 1599 1190 1656 impolitam
1218 1617 1271 1644 ne
1300 1603 1427 1647 sinat.

389 1661 542 1704 Dulcis
572 1663 779 1706 malorum
807 1667 1134 1721 praeteritorum
1162 1670 1377 1712 memoria.

282 1732 358 1769 105
390 1728 503 1784 Eget
531 1730 669 1772 minus
699 1732 905 1786 mortalis,
937 1748 1019 1789 quo
1049 1735 1188 1778 minus
1219 1737 1350 1793 cupit.

389 1794 674 1852 Eleemosyna
693 1812 778 1839 non
797 1803 883 1839 tam
903 1801 1212 1856 accipientibus
1226 1816 1352 1858 quam
1367 1802 1570 1848 dantibus
1578 1806 1772 1862 prodest.

387 1860 551 1903 Eodem
578 1864 721 1906 animo
752 1864 1005 1908 beneficium
1034 1866 1226 1923 debetur,
1258 1883 1340 1926 quo
1369 1870 1510 1913 datur.

353 2031 405 2068 86
437 2032 484 2069 R.
503 2032 586 2069 Sen.
604 2033 713 2070 deira
726 2034 764 2082 2,
781 2035 845 2072 31.
864 2035 889 2073 5
965 2037 1017 2075 87
1048 2038 1092 2075 F.
1111 2038 1156 2074 ne
1171 2049 1259 2076 mor.
1279 2039 1332 2077 34
1407 2040 1460 2078 88
1495 2041 1538 2079 R.
1561 2041 1644 2080 Seu.
1660 2043 1769 2080 deira

275 2087 314 2132 2,
331 2085 398 2133 34,
417 2087 437 2123 1
524 2088 576 2125 89
606 2089 669 2126 Ps.
691 2089 789 2128 Caec.
811 2090 906 2128 Balb.
924 2091 1017 2129 Mon.
1042 2094 1077 2140 1,
1098 2094 1161 2140 15,
1182 2105 1242 2142 pg.
1262 2095 1312 2132 19
1330 2122 1338 2129 χ
1398 2095 1452 2133 90
1478 2097 1542 2134 Ps.
1557 2098 1656 2135 eaeo.
1673 2099 1767 2137 Balh.

274 2141 368 2179 Mon.
387 2143 423 2188 1,
442 2142 507 2189 17,
524 2155 584 2191 pg.
606 2144 654 2181 19
742 2146 789 2182 91
824 2147 868 2183 F.
957 2148 1008 2185 92
1040 2149 1109 2187 Βο.
1126 2149 1293 2187 Proverb.
1310 2162 1474 2199 graecum
1492 2154 1570 2190 τῶν
1583 2147 1769 2201 πιθήκων

273 2189 557 2244 εὖμορφότατος
579 2191 802 2247 δύσμορφός
822 2197 923 2238 ἐστιν
943 2203 1024 2239 coll.
1049 2204 1224 2241 Heraclito
1245 2216 1300 2253 ap.
1323 2206 1626 2256 1¹1at.nipp.mai.
1646 2208 1726 2248 289
1743 2211 1767 2246 B

357 2253 408 2290 93
439 2254 503 2290 Ps.
522 2253 602 2290 Scn.
623 2254 667 2291 de
688 2255 804 2295 hones.
821 2257 859 2303 4,
877 2258 929 2295 36
1016 2259 1068 2295 94
1099 2260 1168 2296 Bo.
1189 2259 1318 2297 Erasm.
1336 2261 1446 2310 Adag.
1463 2274 1498 2310 p.
1516 2263 1566 2299 14
1588 2275 1632 2301 ex
1652 2265 1764 2302 schol.

271 2308 451 2356 Aristoph.
473 2307 572 2344 θεοῦ
591 2306 778 2354 θέλοντος
798 2306 875 2348 κᾶν
894 2308 958 2349 ἐπὶ
978 2307 1092 2361 ῥιπὸς
1109 2311 1239 2359 πλέοις
1332 2317 1384 2354 95
1416 2317 1469 2354 Gr
1490 2317 1527 2355 2.
1549 2318 1647 2359 Caec.
1668 2317 1763 2357 Bau».

270 2363 363 2401 Mon.
385 2364 424 2411 8,
447 2364 485 2410 2,
506 2376 566 2413 pg.
589 2364 638 2401 21
747 2367 797 2404 96
829 2368 898 2405 Βο.
920 2368 1062 2406 Hesiod.
1093 2381 1174 2419 opp.
1197 2371 1276 2409 825
1304 2363 1438 2409 ἄλλοτε
1466 2365 1635 2422 μητρυιὴ
1661 2370 1766 2412 πέλει

268 2411 413 2466 ἡμέρη,
442 2413 575 2455 ἄλλοτε
595 2413 736 2469 μήτηρ,
756 2421 916 2461 Favorin.
939 2436 992 2472 ap.
1015 2425 1164 2463 Gellium
1183 2426 1248 2473 17,
1265 2427 1331 2475 12,
1349 2426 1374 2463 4
1464 2429 1515 2466 97
1546 2431 1598 2478 R⁴
1617 2429 1698 2468 Seu.
1720 2430 1766 2467 do

269 2475 319 2510 ira
340 2474 379 2522 2,
401 2475 465 2522 18,
483 2475 506 2511 2
594 2476 645 2514 98
677 2478 741 2514 Go.
764 2477 846 2515 Seu.
868 2479 912 2516 de
931 2479 1032 2516 clem.
1057 2482 1094 2528 1,
1112 2481 1177 2527 20,
1198 2482 1218 2518 1
1313 2482 1364 2520 99
1398 2483 1462 2521 Gr.
1483 2495 1526 2521 ex
1545 2484 1647 2523 codd.
1666 2484 1764 2522 Pala-

271 2531 364 2566 [inis.
385 2532 483 2567 Caco.
503 2530 595 2567 11:211).
617 2531 694 2569 Par.
719 2533 783 2579 69,
805 2546 865 2582 pg.
889 2535 940 2571 42
1043 2537 1122 2574 100
1150 2538 1196 2576 F.
1218 2537 1264 2573 De
1285 2549 1373 2575 mor.
1396 2537 1449 2576 49
1543 2540 1619 2579 101
1651 2540 1698 2578 R.
1718 2550 1761 2578 ex

268 2585 344 2621 cod.
368 2586 503 2638 GryphL
526 2589 689 2625 collatus
716 2601 750 2625 a.
781 2591 895 2627 corde
921 2602 955 2627 c.
982 2591 1063 2628 Son.
1092 2591 1135 2628 de
1161 2593 1211 2629 ira
1233 2593 1278 2640 2,
1302 2592 1376 2642 25,
1399 2593 1420 2630 1
1582 2593 1659 2634 102
1688 2595 1758 2633 Βο.

271 2642 431 2688 Apostol.
458 2641 521 2688 12,
542 2642 594 2681 45
614 2640 718 2679 οἴκοι
739 2640 869 2690 μένειν
889 2642 949 2681 δεῖ
967 2641 1034 2682 τὸν
1054 2645 1179 2692 καλῶς
1198 2641 1412 2697 εὐδαίμονα
1496 2649 1574 2688 103
1604 2650 1672 2687 Βο.
1694 2649 1760 2686 lle·

268 2697 359 2732 siod.
380 2709 461 2746 opp.
480 2697 559 2736 746
579 2694 678 2745 μηδὲ
697 2693 816 2747 δόμον
835 2699 959 2738 ποιῶν
977 2695 1225 2748 ἀνεπίξεστον
1252 2702 1495 2742 καταλείπειν
1580 2704 1656 2743 104
1688 2706 1758 2742 Βο.

267 2751 335 2787 Cic.
358 2753 401 2789 «le
423 2751 480 2789 fin.
504 2753 548 2800 2,
571 2754 635 2791 34.
661 2754 791 2793 Erasm.
813 2756 920 2806 Adag.
950 2769 1010 2806 pg.
1032 2757 1111 2796 499
1236 2759 1313 2798 105
1343 2759 1405 2798 Ps.
1427 2759 1527 2797 Gneo.
1548 2759 1642 2797 Balb.
1666 2760 1758 2798 Mon.

269 2806 334 2852 12,
351 2808 375 2845 8
395 2819 456 2856 pg.
479 2808 541 2845 23.
565 2810 646 2846 Sen.
668 2812 773 2860 epist.
794 2812 832 2859 2,
851 2813 886 2847 6.
909 2812 952 2849 de
973 2813 1142 2852 mor-46.
1173 2814 1225 2851 Cf.
1240 2826 1347 2864 supra
1366 2826 1398 2852 v.
1416 2814 1495 2852 286
1580 2815 1658 2853 106
1689 2816 1755 2853 Go.

266 2860 313 2898 ne
333 2873 422 2900 mor.
445 2863 496 2900 55
613 2866 691 2904 107
722 2867 760 2904 S.
782 2866 865 2904 Sen.
888 2868 932 2904 (le
951 2867 1066 2906 benef.
1090 2870 1127 2916 1,
1152 2869 1189 2916 1,
1209 2869 1235 2907 8
1688 2906 1694 2911 ,
