1956 3308
328 200 407 242 124
843 217 1129 249 ssN'rEN'mAE
1159 219 1303 252 maso

435 310 561 354 Felix
590 314 840 358 criminibus
870 315 1010 358 nullus
1040 332 1240 375 umquam
1270 321 1351 363 erit
1382 321 1469 364 diu.

431 377 558 420 Felix
587 386 651 421 est
680 395 763 422 non
793 382 865 437 qui
897 382 1067 425 videtur
1096 398 1188 426 esse
1217 385 1326 439 aliis,
1357 388 1433 430 sed
1467 390 1541 445 qui
1570 390 1667 433 sibi.

325 447 402 484 135
433 443 560 486 Felix
590 445 762 487 videtur
791 448 864 502 qui
894 447 1005 489 mala
1035 450 1204 505 ignorat
1233 466 1323 493 sua.

433 509 585 551 Ferme
615 511 819 566 fugiendo
849 515 894 555 in
922 515 1062 557 media
1091 516 1182 558 fata
1210 518 1455 562 incurritur.

432 575 556 617 Ficta
585 577 670 619 cito
699 578 755 619 ad
784 586 978 622 naturam
1007 581 1214 625 redierint
1243 599 1378 626 suam.

428 642 642 684 Fortunae
671 644 836 686 invidia
865 653 942 701 est,
974 648 1012 689 si
1041 650 1136 705 quis
1166 650 1377 694 immerito
1407 654 1551 696 miser.

430 708 620 750 Fortuna
648 710 714 752 ius
744 711 789 752 in
818 711 1026 768 homines,
1057 730 1195 758 mores
1224 731 1309 759 non
1339 717 1480 761 habet.

322 778 400 816 140
428 774 618 817 Fortuna
647 791 801 832 magna
831 778 1003 822 domino
1034 789 1099 823 est
1128 784 1331 826 servitus.

429 841 661 883 Fortunam
691 844 844 900 cuique
871 861 1009 888 mores
1040 848 1287 904 confingunt
1317 852 1397 892 sui.

427 907 617 950 Fortuna
647 909 790 952 multis
820 911 895 954 dat
922 914 1065 967 nimis,
1095 914 1202 957 nulli
1232 917 1351 958 satis.

426 974 617 1016 Fortuna
644 990 720 1018 nos
752 978 900 1032 vincit,
930 980 1014 1021 nisi
1042 986 1132 1023 tota
1161 982 1360 1025 vincitur.

425 1040 616 1083 Fortuna
645 1056 728 1097 quo
759 1057 819 1097 se,
851 1045 1000 1087 eodem
1033 1053 1076 1088 et
1105 1047 1284 1090 inclinat
1313 1048 1450 1093 favor.

319 1110 396 1147 145
429 1106 620 1149 Fortuna
647 1123 728 1150 usu
758 1109 834 1152 dat
862 1111 1008 1166 multa,
1042 1114 1253 1171 mancipio
1282 1116 1403 1158 nihil.

426 1172 644 1230 Frequens
689 1175 882 1219 vindicta
917 1192 1147 1234 paucorum
1184 1180 1329 1223 odium
1365 1185 1580 1240 reprimit,
1626 1187 1815 1229 omnium

1113 1247 1269 1290 irritat.

372 1300 374 1302 ’
425 1305 628 1349 Geminat
656 1315 892 1364 peccatum,
923 1325 1050 1367 quem
1079 1311 1227 1356 delicti
1255 1328 1341 1356 non
1369 1314 1514 1371 pudet.

424 1371 620 1416 Gemitus
651 1373 817 1418 dolores
848 1377 1023 1432 indicat,
1055 1393 1140 1421 non
1169 1379 1378 1422 vindicat.

421 1437 647 1482 Gladiator
674 1441 720 1482 in
749 1455 878 1484 arena
907 1444 1132 1487 consilium
1161 1447 1292 1504 capit.

314 1507 393 1546 150
423 1503 669 1548 Gloriosum
699 1514 763 1549 est
790 1509 899 1551 iram
926 1511 1053 1553 amici
1081 1513 1296 1555 amicitiae
1325 1513 1443 1556 dare.

370 1571 386 1593 ⁸
423 1570 595 1614 Gradus
624 1587 650 1614 a
679 1575 845 1630 magnis
875 1576 923 1618 fit
951 1576 1007 1618 ad
1036 1579 1200 1621 maiora
1229 1581 1414 1637 saepius.

425 1636 638 1681 Graviora
669 1640 879 1697 quaedam
909 1650 1008 1686 sunt
1037 1645 1227 1688 remedia
1254 1646 1470 1704 periculis.

421 1702 610 1747 Gravius
641 1706 852 1763 irascitur,
884 1711 958 1766 qui
988 1710 1104 1767 quod
1133 1712 1249 1755 dolet
1278 1713 1358 1756 deo
1389 1715 1670 1759 commendat.

419 1771 539 1813 Haec
568 1770 792 1816 clementia
820 1777 1060 1833 principem
1080 1778 1217 1834 decet,
1247 1786 1309 1835 ut,
1341 1795 1606 1839 quocumque
1626 1785 1807 1838 venerit,

1105 1848 1391 1889 mansuetiora
1419 1849 1561 1890 omnia
1589 1849 1732 1892 faciat.

311 1907 388 1945 155
418 1903 548 1946 Haud
576 1907 715 1949 minus
745 1909 888 1964 turpia
917 1917 1017 1953 sunt
1045 1912 1231 1969 principi
1259 1913 1393 1956 multa
1422 1915 1647 1972 supplicia,
1679 1931 1805 1973 quam

1104 1979 1268 2022 medico
1297 1979 1430 2023 multa
1458 1980 1622 2024 funera.

418 2036 514 2079 Hoc
540 2039 676 2095 magis
708 2054 901 2097 premere
928 2043 984 2085 ab
1013 2044 1090 2100 ira,
1121 2059 1204 2101 quo
1234 2046 1343 2088 iram
1371 2048 1582 2104 presseris
1612 2049 1766 2093 minus.

419 2231 497 2270 133
527 2233 572 2269 F,
690 2234 768 2272 134
800 2235 865 2272 Gr.
888 2235 969 2272 Seu.
991 2217 1035 2273 ᾱὲ
1055 2238 1186 2275 remed.
1209 2238 1294 2276 fort.
1319 2240 1383 2287 16,
1407 2240 1459 2279 10
1571 2241 1647 2280 135
1677 2241 1723 2279 F.
1745 2242 1798 2280 cr.

304 2286 385 2324 8811.
408 2287 553 2335 Thyest.
578 2287 656 2326 783
737 2290 813 2327 136
844 2290 889 2327 F.
911 2290 983 2327 Liv.
1005 2291 1044 2338 8,
1066 2292 1133 2340 24,
1154 2292 1192 2330 4.
1216 2293 1266 2330 Cf.
1289 2306 1395 2344 supra
1416 2307 1448 2332 v.
1467 2295 1546 2335 567
1625 2297 1701 2335 137
1729 2299 1798 2335 Ρη.

302 2342 385 2379 8811.
409 2343 453 2379 de
472 2343 573 2380 clem.
598 2344 634 2389 1,
658 2345 695 2390 1,
718 2345 741 2381 6
762 2347 947 2393 recidunt,
969 2347 1061 2384 unde
1082 2348 1229 2386 Godosr.
1251 2350 1380 2399 aliique
1400 2362 1469 2388 scr.
1493 2354 1700 2391 reciderint

307 2398 384 2436 138
414 2399 460 2435 F.
560 2399 636 2437 139
667 2399 729 2437 Ps.
753 2399 835 2437 8811.
856 2402 960 2449 epist.
982 2403 1049 2450 36,
1072 2404 1094 2441 6
1194 2404 1273 2443 140
1301 2407 1364 2443 Ps.
1388 2407 1468 2444 8811.
1491 2419 1590 2445 cons.
1613 2408 1655 2445 ad
1672 2407 1795 2457 Polyi».

305 2454 343 2500 6,
365 2453 389 2490 5
488 2454 563 2491 141
598 2455 667 2491 Bo.
691 2454 795 2492 Corn.
818 2456 905 2504 Nep.
927 2458 1000 2493 Au.
1023 2459 1072 2494 11
1185 2460 1261 2497 142
1291 2462 1356 2498 Ps.
1473 2463 1550 2501 143
1581 2464 1636 2501 Gr·
1653 2473 1696 2500 ex
1715 2462 1792 2500 cod.

302 2509 411 2545 Palat.
449 2509 530 2546 8811.
553 2509 597 2546 de
617 2516 732 2549 const.
753 2522 827 2560 sap.
853 2513 916 2558 15,
938 2512 962 2549 3
1093 2514 1170 2551 144
1200 2515 1265 2553 Ps.
1395 2517 1472 2555 145
1502 2518 1566 2556 Ps.
1589 2517 1669 2555 8811.
1690 2519 1794 2567 epist.

303 2564 368 2611 72,
391 2565 414 2602 7
530 2565 608 2602 146
637 2566 709 2603 Pn.
732 2565 814 2603 8811.
836 2567 880 2604 de
899 2567 1000 2604 clem.
1026 2569 1063 2615 1,
1085 2570 1124 2617 8,
1147 2570 1170 2607 6
1286 2571 1363 2610 147
1392 2573 1457 2611 Ps.
1478 2572 1577 2610 Caec.
1598 2572 1692 2610 Balh.
1714 2572 1790 2610 Par.

302 2620 368 2666 81,
387 2632 448 2669 pg.
469 2619 523 2657 42
660 2621 738 2659 148
770 2621 824 2659 Gr
844 2634 885 2659 ex
906 2623 984 2660 cod.
1004 2623 1112 2662 Palat.
1249 2627 1325 2666 149
1356 2627 1426 2666 Bo.
1449 2627 1532 2666 Seu.
1554 2629 1657 2677 epist.
1680 2627 1746 2675 22,
1771 2630 1790 2665 1

430 2675 509 2714 150
536 2677 584 2713 R.
605 2677 687 2714 8811.
707 2676 751 2714 de
771 2678 821 2714 ira
842 2678 881 2724 2,
902 2678 969 2726 34,
990 2679 1016 2715 4
1159 2681 1234 2718 151
1266 2683 1338 2724 Ρη,
1359 2683 1441 2721 8811.
1461 2683 1504 2719 (18
1524 2683 1623 2720 818111.
1648 2684 1685 2730 1,
1709 2684 1746 2730 1,
1769 2684 1791 2721 7

435 2731 511 2768 152
542 2732 605 2769 Ps.
629 2731 678 2769 Cf.
700 2732 782 2770 Seu.
804 2732 923 2770 Medea
944 2734 1023 2773 436
1045 2736 1097 2773 ed.
1122 2736 1258 2785 Peiperi
1399 2738 1477 2775 153
1509 2739 1551 2783 Q.
1574 2738 1673 2776 Cnec.
1695 2738 1789 2776 Balb.

300 2785 378 2823 Par.
402 2786 466 2834 64,
488 2799 549 2835 pg.
572 2787 624 2824 42
741 2788 819 2826 154
850 2790 914 2826 Go.
937 2790 1019 2827 8811.
1040 2791 1084 2827 de
1104 2793 1206 2828 818111.
1231 2793 1266 2839 1,
1290 2793 1354 2841 16,
1378 2794 1396 2830 1
1505 2793 1583 2831 155
1613 2794 1683 2831 Ρη.
1706 2794 1788 2831 8811.

301 2841 344 2877 (18
364 2841 465 2878 clem.
490 2843 527 2890 1,
549 2842 615 2891 24,
640 2844 660 2880 1
778 2844 855 2882 156
888 2845 941 2881 Gr
962 2845 998 2882 2.
1022 2846 1120 2884 Caec.
1142 2847 1236 2884 Balb.
1257 2847 1350 2886 Mon.
1372 2848 1411 2896 7,
1434 2849 1472 2895 1,
1493 2860 1553 2898 pg.
1578 2848 1627 2886 21

1932 1539 1935 1546 ι

1932 1558 1956 1576 1»-

1929 1582 1956 1619 ’Ξί

1926 1638 1956 1665 «ἦ,
