1956 3308
700 239 1064 270 PROLEGOMENA.
1104 224 1114 238 ¹
1585 232 1639 274 25

120 339 273 383 inferis
305 340 521 382 excitatus
552 346 686 394 esset,
725 341 958 398 proverbia
987 329 1176 384 Senecae
1205 342 1251 384 in
1279 342 1539 386 oblivionem
1572 360 1637 386 ca-

121 407 507 465 derecoeperunt.
568 407 654 451 Sed
690 409 872 464 triginta
907 409 1001 451 fere
1037 411 1161 452 annis
1198 417 1317 468 post,
1363 425 1460 453 eum
1500 411 1638 454 Hen-

120 477 269 519 ricus
318 474 658 518 Pantha-leon
705 475 751 518 iri
794 476 1123 533 proverbiorum
1167 478 1361 521 codicem
1404 478 1639 533 incidisset,

119 545 431 587 sententiarum
460 543 803 586 Publilianamm
834 544 1009 598 silvam,
1044 560 1186 588 raram
1216 545 1336 589 illam
1364 546 1480 604 apud
1510 547 1638 589 Eras-

121 626 238 654 mum
274 611 378 653 inde
406 626 433 652 a
462 610 608 653 littera
637 611 700 663 N,
741 611 923 654 densare
962 619 1005 654 et
1040 613 1254 670 complere
1291 614 1374 656 sibi
1405 615 1526 657 visus
1558 622 1638 669 est,

121 681 205 722 etsi
240 679 353 722 nihil
390 678 508 722 aliud
536 678 692 721 auxilii
724 679 899 734 habuit,
939 696 1066 737 quam
1097 681 1211 738 quod
1242 683 1328 723 iam
1359 682 1539 724 Erasmo
1569 698 1638 725 co·

120 749 292 804 gnitum
321 746 477 789 fuerat.
536 748 606 789 De
636 749 757 790 cuius
789 748 980 790 editione
1009 763 1106 789 cum
1126 750 1435 806 posterioribus
1457 750 1639 792 saeculis

119 814 230 858 nihil
265 814 451 872 amplius
488 829 542 855 ne
571 814 688 856 fama
717 809 892 871 quidem
922 815 1118 857 auditum
1147 817 1224 870 sit,
1262 816 1438 874 plenum
1465 817 1637 860 titulum

119 883 357 942 adscripsi3
390 883 570 925 Catonis
602 883 789 925 disticha
818 882 999 925 moralia
1028 899 1125 926 cum
1152 884 1326 926 scholiis
1349 885 1520 927 Erasmi
1540 885 1637 927 Rot.

120 951 246 994 Mimi
265 949 470 993 Publiani
501 965 598 992 cum
629 950 824 993 eiusdem
855 949 1027 993 scholiis
1058 953 1196 994 auctis
1224 953 1450 1008 recogniti,
1483 953 1639 1009 quibus

119 1025 398 1062 accesserunt
432 1018 610 1075 plurimi
646 1034 785 1075 nuper
821 1019 990 1060 inventi
1026 1026 1068 1061 et
1104 1034 1338 1076 numquam
1374 1021 1491 1077 typis
1522 1019 1639 1061 evul—

119 1088 225 1144 gati,
255 1102 282 1129 a
302 1086 509 1129 Heinrico
529 1086 823 1129 Panthaleone
852 1087 1064 1141 recogniti
1094 1102 1275 1144 cumque
1306 1087 1494 1130 ciusdem
1519 1088 1637 1130 scho-

37 1202 45 1211 ⁴
120 1154 191 1198 liis
226 1154 448 1198 illustrati.
508 1155 640 1196 Dicta
678 1155 890 1197 Graeciae
927 1153 1200 1211 Sapientum,
1246 1170 1343 1196 cum
1380 1155 1638 1212 quibusdam

120 1222 294 1265 Erasmi
337 1221 571 1280 opusculis.
631 1221 880 1263 Basileae
926 1237 1038 1272 anno
1079 1222 1220 1264 1544.
1264 1223 1521 1279 impressum
1565 1237 1640 1280 per

121 1289 352 1332 Erasmum
388 1289 671 1348 Xylotectum
721 1304 868 1332 mense
906 1290 1118 1345 Augusto.
1180 1289 1265 1332 Sed
1305 1305 1413 1347 quae
1455 1297 1520 1332 est
1558 1292 1639 1332 ista

120 1359 347 1409 mimorum
376 1373 514 1415 nuper
544 1359 820 1400 inventorum
850 1357 1056 1413 farrago?
1086 1357 1276 1400 Iactator
1297 1357 1382 1411 ille,
1415 1359 1489 1414 qui
1509 1359 1637 1401 Sene-

120 1440 197 1468 cae
226 1423 555 1483 proverbiorum
588 1425 799 1468 editiones
831 1426 989 1467 totiens
1018 1425 1225 1482 repetitas
1254 1440 1309 1467 ne
1338 1432 1517 1468 noverat
1546 1428 1637 1482 qui-

121 1493 240 1548 dem,
271 1493 380 1536 nihil
408 1492 528 1536 aliud
557 1493 675 1548 fecit,
706 1494 792 1535 nisi
821 1494 1106 1550 posteriorem
1136 1494 1444 1536 sententiarum
1474 1500 1639 1551 partem

123 1560 316 1617 (N—V)
347 1567 518 1603 centum
558 1560 649 1602 fere
687 1561 846 1616 viginti
876 1575 932 1602 ex
962 1560 1290 1618 proverbiorum
1320 1561 1467 1603 codice
1497 1561 1638 1603 ductis

121 1635 164 1671 et
201 1643 329 1685 aegre
366 1629 438 1670 ad⁵
462 1628 680 1685 quandam
717 1630 955 1670 carminum
994 1629 1181 1684 speciem
1218 1627 1464 1670 assimilatis
1501 1629 1638 1682 auxit,

119 1695 236 1738 idem
264 1696 320 1738 ad
351 1698 540 1754 priorem
572 1700 737 1753 pa'rtem
766 1696 931 1753 aliquot
959 1695 1152 1748 addidit,
1185 1697 1341 1752 partim
1371 1710 1477 1752 quas
1509 1695 1637 1738 Eras-

105 1779 214 1806 ·mus
253 1770 479 1822 spreverat
516 1771 564 1806 ut
603 1765 731 1806 nimis
771 1770 1019 1820 corruptas,
1071 1777 1329 1819 quamquam
1376 1769 1497 1805 erant
1536 1777 1638 1804 vere

55 1854 66 1861 ‚
121 1831 412 1887 Publilianae,
451 1832 561 1875 alias
599 1847 654 1874 ex
692 1831 880 1875 Senecae
919 1831 973 1873 de
1011 1830 1238 1873 clementia
1275 1830 1419 1884 libris,
1460 1845 1638 1887 quarum

119 1892 218 1943 fons
249 1906 341 1942 erat
370 1900 594 1958 appendix
623 1899 699 1942 illa
729 1898 1057 1956 proverbiorum
1089 1898 1310 1940 codicibus
1340 1897 1570 1950 nonnullis,
1592 1903 1639 1939 ut

121 1981 254 2024 supra
281 1969 633 2020 memoravimus,
665 1967 775 2009 falso
805 1967 954 2008 affixa.

233 2035 387 2092 Neque
422 2041 568 2077 tamen
604 2035 686 2077 hoc
725 2033 838 2076 malo
869 2033 1173 2078 Panthaleonis
1213 2031 1411 2089 exemplo
1447 2032 1638 2088 corrupti

122 2108 221 2145 sunt
264 2103 481 2159 Georgius
521 2102 769 2154 Fabricius,
814 2101 1028 2143 Henricus
1076 2100 1342 2157 Stephanus,
1387 2099 1638 2142 Theodorus

122 2169 393 2227 Zwingerus.
453 2163 512 2211 Et
543 2169 830 2211 Fabricius
861 2168 1056 2224 quidem,
1089 2167 1435 2219 Chemnicensis,
1466 2181 1563 2209 cum
1593 2166 1638 2207 in

121 2236 289 2281 duobus
321 2237 645 2294 exemplaribus
675 2236 880 2293 antiquis,
912 2236 989 2278 sed
1019 2231 1303 2292 interpdlatiS,
1333 2248 1469 2276 novos
1491 2232 1637 2275 Publi·

119 2304 183 2360 lii,
213 2311 262 2348 ut
290 2306 383 2362 ipse
414 2305 686 2362 opinabatur,
718 2318 869 2346 versus
900 2304 1153 2357 invenisset,
1185 2302 1293 2345 adeo
1323 2308 1466 2344 tamen
1497 2315 1542 2343 se
1564 2300 1637 2342 ad-

121 2373 235 2418 dixit
264 2373 470 2427 Erasmo,
508 2379 557 2415 ut
587 2372 823 2414 sententias
854 2371 909 2413 ab
947 2370 1021 2413 illo
1059 2370 1198 2412 editas
1238 2370 1417 2412 seorsim
1446 2374 1637 2425 poneret,

120 2454 220 2483 suas
250 2447 377 2483 caute
405 2441 664 2483 inscriberet
694 2439 948 2482 ‘Sententias
975 2438 1119 2480 Publia
1148 2439 1287 2479 mimis
1315 2437 1498 2479 similes&
1545 2435 1636 2477 Pri-

120 2521 238 2551 mum
268 2506 698 2561 edidit·Publilium‚
731 2513 777 2548 ut
806 2511 953 2547 narrat
984 2504 1307 2560 Schweigerus,
1338 2505 1383 2545 in
1413 2501 1636 2557 elegantiis

121 2587 146 2616 e
173 2574 329 2618 Plauto
359 2589 411 2616 ac
438 2574 643 2616 Terentio
673 2573 865 2617 collectis
886 2572 1062 2629 Lipsiae
1086 2572 1205 2625 1550,
1237 2570 1350 2612 haud
1381 2569 1512 2611 multo
1542 2574 1638 2624 post

55 2647 77 2695 'x
119 2643 400 2698 Argentorati
433 2628 555 2695 1554,
587 2642 623 2682 si
653 2640 762 2682 fides
793 2646 858 2682 est
890 2639 1042 2693 Zellio,
1072 2653 1158 2680 una
1187 2653 1286 2681 cum
1306 2637 1483 2680 Catonis
1514 2634 1636 2677 disti-

119 2709 237 2765 chis3
273 2709 414 2753 denuo
443 2709 626 2765 Lipsiae
654 2722 691 2749 a.
727 2707 847 2750 1560.
882 2707 1002 2749 1567.
1037 2707 1158 2749 1571.
1194 2705 1322 2757 1581,
1361 2703 1517 2760 quibus
1548 2701 1636 2744 edi-

118 2776 310 2820 tionibus
350 2776 528 2819 editoris
567 2773 753 2832 epistula
789 2772 1059 2816 dedicatoria
1087 2788 1126 2814 a.
1162 2771 1267 2814 1558
1299 2777 1341 2812 et
1379 2769 1639 2827 typographi

121 2843 331 2900 praefatio
361 2859 400 2886 a.
439 2844 544 2886 1559
574 2844 734 2899 scripta
762 2841 1026 2899 praemissae
1057 2845 1170 2881 sunt.

232 2910 406 2954 Deinde
435 2909 616 2954 Publilii
646 2909 882 2953 sententias
913 2922 988 2965 per
1017 2905 1132 2951 locos
1164 2918 1409 2948 communes
1441 2904 1634 2960 digestas
