1956 3308
381 226 434 264 638
792 234 989 264 mmmm
1020 234 1123 265 svm
1154 232 1454 264 SENTENTIAE.

493 336 625 376 Amor
654 336 813 376 otiosae
843 348 970 374 causa
999 332 1312 374 sollicitudinis.

408 406 460 442 :35
492 400 679 442 Avidum
711 414 802 441 csse
832 406 996 455 oportet
1026 398 1251 451 neminem,
1282 399 1456 439 minime
1486 411 1642 440 senem.

491 468 645 508 Animo
678 467 815 507 virum
846 464 1039 521 pudicae,
1071 479 1154 506 non
1183 463 1305 506 oculo
1335 463 1510 519 eligunt.

491 533 737 574 Amantium
768 532 830 572 ira
859 531 1014 571 amoris
1045 531 1273 586 integratio
1302 537 1379 572 est.
1496 559 1510 578 ,
1735 546 1753 566 e

491 599 687 640 Amantis
718 598 784 638 ius
814 596 1039 638 iurandum
1070 610 1247 653 poenam
1277 611 1362 638 non
1391 597 1532 639 habet.

490 665 664 717 Amans,
697 665 806 705 sicut
834 663 923 715 fax,
955 663 1157 718 agitando
1185 663 1371 705 ardescit
1399 664 1551 719 magis.

407 736 460 773 40
489 730 636 782 Amor,
666 737 714 771 ut
743 729 930 783 lacrima,
961 729 1015 771 ab
1046 728 1166 771 oculo
1196 730 1343 783 oritur,
1374 731 1419 770 in
1447 737 1595 786 pectus
1626 730 1754 772 cadit.

488 797 644 838 Animo
676 796 904 852 imperabit
935 797 1117 852 sapiens,
1144 787 1304 838 'stultus
1335 796 1505 838 serviet.

424 876 428 879 ⁴
489 864 685 905 Amicum
715 877 769 903 an
799 877 951 904 nomen
980 861 1152 915 habeas,
1183 862 1320 918 aperit.
1350 861 1581 904 calamitas.

489 930 636 972 Amori
665 930 792 971 finem
823 936 1003 986 tempus,
1034 944 1119 971 non
1148 930 1316 970 animus
1347 928 1462 970 facit.

491 997 562 1037 Bis
593 1003 655 1038 est
685 1003 853 1051 gratum
885 995 998 1051 quod
1028 1010 1133 1052 opus
1165 1002 1243 1049 est,
1273 994 1385 1037 ultro
1416 996 1452 1037 si
1481 996 1644 1036 offeras.

404 1067 456 1104 45
487 1063 704 1105 Bonarum
733 1077 873 1104 rerum
904 1062 1174 1123 consuetudo
1195 1063 1380 1118 pessima
1409 1068 1486 1103 est.

488 1128 747 1171 Beneficium
776 1131 847 1185 qui
877 1130 980 1170 dare
1009 1131 1159 1182 nescit,
1190 1129 1346 1170 iniuste
1375 1129 1498 1184 petit.

488 1195 651 1237 Bonum
682 1202 747 1237 est
777 1195 983 1250 fugienda
1011 1197 1202 1252 aspicere
1232 1195 1276 1236 in
1305 1194 1443 1236 alieno
1472 1194 1597 1236 malo.

488 1261 748 1303 Beneficium
778 1264 972 1318 accipere
1001 1262 1242 1304 libertatem
1273 1268 1337 1304 est
1366 1261 1566 1302 vendere.

487 1327 605 1369 Bona
634 1329 794 1369 nemini
823 1328 926 1370 hora
956 1335 1034 1381 est,
1065 1335 1112 1370 ut
1139 1342 1224 1369 non
1253 1327 1381 1369 alicui
1411 1329 1468 1370 sit
1495 1326 1619 1369 mala.

377 1510 551 1536 comens
575 1512 603 1535 v.
629 1499 763 1602 1(-E-C·;3.4
783 1501 968 1537 PRBFV
985 1499 1092 1547 (EC),
1115 1513 1144 1535 v.
1167 1500 1329 1538 35——43
1351 1501 1438 1547 Fr,
1460 1513 1490 1536 v.
1512 1499 1675 1537 44-78
1691 1499 1873 1537 PRBFV

485 1631 538 1668 34
568 1634 685 1668 otioso
707 1633 878 1680 Zminyer
990 1645 1093 1670 causa
1115 1639 1169 1670 est
1190 1634 1333 1671 solliciti
1361 1634 1495 1670 timoris
1517 1631 1558 1677 C,
1578 1637 1634 1668 est
1653 1642 1773 1679 supra
1793 1641 1869 1669 scr.

378 1697 452 1723 sec.
474 1699 518 1722 m.
544 1686 592 1727 B,
623 1700 651 1723 ει.
674 1699 704 1723 c.
725 1692 780 1723 cst
800 1699 834 1723 o.
856 1688 1056 1725 solitudinis
1090 1690 1193 1726 Vinc.
1214 1690 1312 1726 Bell.
1333 1701 1392 1736 sp.
1413 1691 1446 1726 d.
1468 1686 1508 1733 4,
1532 1688 1609 1725 109
1710 1687 1762 1725 35
1794 1689 1871 1725 Avi·
1940 1696 1949 1699 ”

375 1738 477 1791 dum]
500 1745 523 1778 i.
545 1753 576 1778 e.
598 1755 776 1789 avarum,
808 1743 859 1790 cf.
883 1743 955 1780 Cic.
981 1745 1059 1781 Cat.
1087 1748 1173 1782 mai.
1197 1745 1269 1790 18,
1291 1745 1364 1790 66,
1392 1744 1679 1782 Pseudoseneca
1705 1745 1751 1780 de
1776 1755 1867 1782 mor.

379 1797 428 1834 18
542 1799 715 1835 neminem
744 1799 885 1834 minime
912 1800 1071 1836 Gruter.-
1109 1812 1152 1837 ne
1181 1802 1321 1837 minime
1351 1801 1571 1844 Palatinus,
1601 1800 1776 1836 nemiuem
1805 1799 1871 1837 nisi

375 1853 451 1888 FV
561 1853 612 1890 36
645 1854 702 1900 Cf.
729 1853 864 1890 Caecil.
889 1855 998 1891 Balb.
1024 1856 1173 1892 Monac.
1199 1857 1263 1901 17,
1286 1857 1325 1902 3,
1350 1868 1412 1903 pq.
1434 1855 1486 1892 26
1507 1854 1563 1890 εΑ.
1586 1866 1616 1891 v.
1638 1854 1776 1903 pudica,
1797 1865 1868 1893 nou

377 1908 489 1944 oculis
512 1908 631 1956 eligit;
654 1909 826 1957 impudica
848 1911 998 1957 speciem
1021 1912 1159 1958 quaerit
1180 1922 1252 1947 non
1271 1911 1374 1947 rem?
1396 1909 1670 1959 Euripides(?):
1728 1904 1776 1946 οὐ
1795 1903 1868 1959 γὰρ

374 1956 579 2010 ὀφθαλμὸς
599 1956 640 1999 τὸ
660 1958 796 2008 κρῖνόν
817 1960 904 2010 ἐστι,
926 1957 1022 2001 ἀλλὰ
1043 1966 1146 2010 νοῦς.
1254 1966 1304 2004 37
1340 1967 1504 2004 Totidem
1525 1967 1648 2003 verbis
1671 1966 1870 2003 Terentius
1946 2011 1955 2019 ι

375 2019 490 2054 Andr.
520 2018 565 2062 3,
587 2019 634 2065 3,
657 2019 719 2055 23.
761 2020 816 2066 Cf.
849 2033 869 2057 v
906 2021 981 2063 107
1096 2022 1147 2058 39
1179 2022 1271 2058 sicut
1299 2022 1389 2059 FV:
1419 2022 1465 2057 ila
1493 2026 1533 2056 ut
1560 2021 1760 2059 Palatinus

373 2073 446 2109 ard.
467 2075 577 2122 magis
598 2075 816 2111 Palatinus.-
849 2087 891 2111 m.
914 2087 943 2112 a.
966 2077 1040 2112 FV
1151 2077 1205 2114 40
1234 2074 1256 2099 *
1273 2077 1314 2114 ab
1336 2077 1440 2114 oculo
1462 2078 1508 2113 el.
1531 2089 1563 2113 v.
1586 2076 1657 2115 36:
1688 2076 1730 2116 ab
1751 2076 1863 2113 oculis

375 2129 410 2163 F
421 2129 464 2173 V,
495 2130 606 2165 oculis
635 2130 776 2167 Gruter
888 2131 938 2167 41
974 2130 1030 2179 Cf.
1063 2133 1219 2170 Sallust.
1250 2133 1330 2170 Cal.
1364 2134 1408 2179 1,
1428 2131 1460 2171 ,2
1574 2133 1693 2170 Amori
1730 2132 1762 2170 V

374 2183 426 2219 42
458 2181 604 2234 nomen]
627 2188 682 2221 sic
704 2186 747 2231 F,
770 2198 843 2222 non
865 2186 1023 2234 hostem,
1053 2193 1092 2224 ut
1114 2190 1289 2234 traditur,
1316 2191 1402 2225 item
1433 2187 1462 2223 V
1572 2187 1626 2224 44
1654 2193 1793 2238 gratum
1814 2192 1868 2226 est

376 2239 405 2274 C
434 2239 536 2276 Vinc.
562 2240 654 2276 Bell.
675 2252 733 2287 sp.
755 2243 789 2277 d.
811 2241 850 2287 4,
871 2241 939 2288 46,
964 2242 1157 2280 Bentleius
1178 2255 1229 2280 ex
1249 2246 1353 2281 codd.
1375 2245 1465 2288 suis,
1487 2248 1524 2279 et
1543 2250 1682 2292 gratum
1703 2244 1758 2281 Pb
1826 2251 1835 2256 ·

376 2305 446 2341 quo
474 2294 556 2331 dato
585 2306 674 2342 opus
703 2301 758 2331 cst
783 2297 992 2338 Remmius,
1023 2310 1095 2346 quo
1123 2298 1205 2335 dato
1235 2310 1326 2347 opus
1353 2303 1409 2336 est
1435 2299 1606 2336 Ribbeck
1717 2299 1811 2336 ultro
1832 2299 1868 2338 ,εἰ

376 2349 582 2386 Erasmus.-
612 2351 640 2386 si
668 2351 762 2387 ultro
784 2352 858 2397 LC,
883 2352 943 2388 sed
966 2353 1060 2389 ultro
1094 2355 1195 2391 Vino.
1310 2354 1434 2391 oll'eras
1455 2354 1594 2392 PRBC
1622 2355 1723 2393 Vino.
1743 2355 1792 2391 sit.
1809 2353 1867 2391 tla-

376 2409 450 2440 tum
471 2406 546 2441 FV
655 2405 707 2442 45
740 2406 797 2453 Cf.
820 2419 850 2443 v.
876 2408 953 2443 165
1066 2410 1289 2446 consuetudo
1309 2409 1418 2447 PRB
1447 2409 1549 2447 Vino.
1571 2410 1667 2447 Bell.
1689 2421 1748 2458 sp.
1768 2411 1803 2447 d.
1825 2408 1864 2456 5,

375 2459 447 2505 43,
476 2461 679 2497 Erasmus.-
709 2462 812 2498 nimia
841 2473 939 2499 cons.
971 2464 1045 2500 FV
1075 2465 1179 2504 Vino.
1202 2466 1299 2502 Bell.
1326 2477 1382 2512 sp.
1410 2466 1446 2502 d.
1469 2465 1515 2512 4,
1539 2465 1610 2513 16,
1638 2476 1736 2503 cons.
1764 2465 1867 2502 nimia

375 2515 454 2551 loa.
477 2515 838 2555 saresber—,spoliem
860 2517 899 2563 4,
922 2518 944 2553 9
1060 2526 1114 2556 est
1143 2521 1293 2568 pessima
1314 2521 1525 2566 Bentleius,
1547 2533 1575 2558 r.
1596 2520 1631 2561 b.
1652 2532 1681 2558 e.
1701 2525 1756 2558 est
1776 2520 1867 2568 opti·
1939 2514 1956 2550 s

375 2581 427 2605 ma
460 2571 658 2608 Fabricius
686 2582 737 2608 ex
763 2583 852 2609 mse.
968 2573 1020 2610 46
1052 2575 1262 2613 Beneficium
1292 2577 1390 2613 LEC
1425 2577 1527 2614 Vinc.
1556 2577 1652 2614 Bell.
1677 2586 1734 2623 sp.
1756 2573 1796 2613 Ἄ.
1825 2574 1864 2620 4,
1944 2606 1954 2612 ,,

375 2624 447 2661 46:
484 2625 652 2663 beneficia
685 2628 863 2664 Pithoeus
983 2632 1042 2677 qui
1073 2630 1155 2666 ‹lar-e
1190 2631 1288 2667 ΖΕΘ
1327 2632 1428 2668 Vino.
1463 2631 1544 2668 dare
1577 2632 1638 2680 qul
1664 2626 1863 2676 Erasmus,
1939 2636 1956 2646 ⁶

376 2682 481 2728 vulyo
593 2681 645 2718 47
676 2685 714 2719 in
737 2683 812 2719 FV
828 2684 936 2730 infra
957 2685 1093 2732 Ieyilur
1111 2691 1196 2732 post
1218 2699 1250 2724 v.
1274 2687 1338 2732 79,
1368 2688 1439 2724 hoc
1457 2688 1540 2724 loco
1559 2689 1597 2725 in
1616 2686 1725 2728 PBB
1745 2686 1863 2723 Bern.
1887 2688 1896 2697 '

376 2735 404 2771 C
486 2747 559 2783 asp.
580 2736 657 2785 sug.
681 2738 735 2785 B,
758 2739 792 2774 in
813 2738 855 2775 al.
879 2750 922 2775 m.
945 2739 968 2775 s.
989 2751 1063 2788 asp.
1099 2742 1200 2778 Vinc.
1223 2742 1321 2779 Bell.
1344 2753 1401 2789 ep.
1424 2744 1466 2780 d:
1479 2741 1519 2788 4,
1540 2741 1605 2779 27.
1718 2741 1770 2778 48
1801 2741 1868 2779 Ec·

388 2790 488 2826 Vino.
513 2791 608 2828 Bell.
640 2803 697 2839 sp.
726 2795 763 2830 d.
783 2793 829 2839 4,
851 2794 924 2836 53;
954 2807 1022 2832 om.
1055 2797 1084 2832 V
1194 2802 1247 2833 est
1276 2796 1333 2834 lib.
1362 2793 1462 2834 vend.
1494 2797 1596 2833 Vinc.
1623 2795 1681 2832 lib.
1703 2808 1735 2833 v.
1757 2803 1812 2833 est
1832 2796 1868 2835 E
1893 2808 1898 2812 ’

375 2845 571 2891 Erasmus,
595 2847 734 2884 vindere
755 2849 849 2886 PaR
963 2850 1014 2888 49
1046 2862 1105 2887 ora
1138 2853 1167 2889 V
1277 2851 1333 2888 alii
1356 2853 1386 2888 C
1493 2852 1538 2888 sit
1559 2863 1626 2889 om.
1649 2852 1686 2888 F
1695 2853 1727 2893 V
