1956 3308
341 230 394 270 94
750 239 948 269 PUBLILU
981 239 1082 270 SYRI
1115 239 1413 269 SENTENTIAE.

452 339 759 379 Necessitatem
789 338 912 389 ferre,
943 352 1027 379 non
1056 337 1158 378 flere
1187 336 1380 378 addecet.

340 409 420 446 435
451 405 672 460 Nusquam
703 403 870 445 facilius
902 403 1026 459 culpa
1056 417 1181 459 quam
1211 403 1254 443 in
1283 402 1409 443 turba
1439 401 1555 444 latet.

343 483 429 509 prov.
457 469 584 511 Omne
604 474 817 523 peceatum
846 471 951 511 aetio
980 473 1047 510 est.

375 542 429 578 20
460 537 604 577 Omnis
624 538 758 577 autem
779 537 883 577 aetio
903 536 1139 577 voluntaria
1161 537 1227 585 est,
1257 537 1342 575 tam
1361 534 1527 576 honesta
1546 547 1672 586 quam
1692 535 1834 587 turpis.

458 604 586 643 Omne
615 616 708 655 erqo
734 605 942 655 peceatum
970 602 1250 643 voluntarium
1279 603 1346 641 est.

459 670 606 709 Omitte
635 670 945 720 exeusationem,
975 681 1091 709 nemo
1115 670 1255 720 peceat
1282 668 1448 708 invitus.

457 736 565 775 Odia
595 735 814 780 multorum
843 734 918 775 sub
947 734 1073 784 vultu,
1104 734 1324 774 multorum
1352 733 1426 774 sub
1457 733 1588 774 osculo
1617 732 1752 774 latent.

458 802 611 842 Omnia
642 804 779 842 tamen
801 802 1056 854 pandentur,
1087 813 1171 841 uon
1200 800 1287 840 dieo
1316 800 1354 840 si
1373 800 1572 850 cecideris,
1602 799 1673 840 sed
1688 799 1726 840 si
1744 799 1837 840 titu-

1139 866 1309 907 baveris.

375 939 426 974 25
460 935 604 975 Omnis
633 935 802 986 affectus
830 933 903 974 leoe
930 933 1059 984 habet,
1091 936 1135 974 ut
1163 934 1210 973 iu
1239 933 1347 984 quod
1373 934 1459 985 ipse
1487 933 1664 982 insanit,
1695 934 1839 973 eeteros

1135 999 1276 1051 furere
1296 1001 1424 1051 putet.

456 1067 610 1107 Omnes
638 1067 747 1107 euim
775 1067 903 1106 ‘citam
933 1066 1163 1118 differentes
1190 1077 1300 1105 mors
1329 1065 1485 1105 incerta
1506 1065 1732 1117 praevenit.

462 1132 607 1173 Omnis
634 1133 773 1184 itaque
802 1133 886 1173 dies
913 1132 1020 1173 velut
1048 1132 1217 1173 ultimus
1245 1131 1504 1172 ordinandus
1531 1134 1599 1172 est.

458 1200 672 1240 Oratorem
702 1202 738 1240 te
759 1202 878 1252 puta,
909 1199 947 1239 si
975 1199 1050 1240 tibi
1077 1199 1158 1251 ipsi
1187 1198 1296 1250 quod
1323 1199 1475 1250 oportet
1493 1197 1764 1250 persuaseris.

456 1264 695 1318 Opiuaritur
723 1265 771 1306 de
800 1268 835 1305 te
864 1264 1046 1305 homiues
1074 1265 1200 1317 male,
1235 1264 1307 1305 sed
1333 1263 1456 1304 mali:
1493 1263 1703 1316 displicere
1731 1263 1839 1304 euim

1023 1372 1025 1377 ,
1135 1330 1259 1371 malis
1287 1330 1495 1371 laudabile
1523 1333 1590 1371 est.
1607 1351 1617 1359 1

381 1403 435 1439 30
466 1397 756 1451 Obiuryatiorii
783 1410 939 1450 semper
968 1397 1192 1438 blanditiae
1221 1396 1383 1448 aliquid
1409 1396 1597 1437 admisce.

462 1464 614 1506 Odium
643 1467 795 1517 oportet
815 1464 1027 1516 peccandi,
1056 1476 1141 1504 riori
1169 1466 1319 1504 metum
1345 1462 1492 1515 facias.

350 1611 524 1638 comens
546 1612 578 1636 v.
602 1599 841 1636 387—435:
863 1601 900 1636 F
917 1596 996 1649 (T),
1025 1599 1128 1636 Prov.
1152 1600 1260 1636 PRF
1278 1597 1383 1648 (EO),
1405 1599 1446 1635 M

451 1678 532 1714 434
562 1679 806 1714 necessitatem
827 1678 927 1724 ferri,
948 1688 1021 1713 non
1043 1677 1118 1713 sseri
1139 1677 1242 1713 decet
1261 1678 1505 1714 Frokliclaeius
1602 1677 1682 1714 435
1712 1674 1735 1699 *
1756 1689 1840 1714 nus-

341 1745 463 1781 quam:
495 1744 674 1781 nunquam
695 1734 742 1780 F,
764 1733 816 1780 cf.
839 1745 871 1769 v.
893 1732 973 1769 448
1059 1733 1162 1768 Prov.
1188 1733 1237 1769 19
1267 1733 1312 1769 M
1332 1734 1351 1768 1
1445 1732 1498 1770 20
1527 1738 1581 1768 est
1601 1733 1713 1780 PEC,
1735 1732 1775 1768 M
1798 1733 1840 1768 1:

341 1801 408 1825 om.
432 1789 519 1834 RF,
550 1789 603 1836 cf.
626 1789 711 1825 Sen.
733 1791 841 1834 epist.
867 1788 938 1834 66,
962 1789 1011 1824 16
1146 1787 1194 1824 21
1228 1784 1335 1838 ergo]
1369 1794 1486 1824 autem
1506 1789 1564 1824 Pa
1589 1800 1652 1835 pr.
1680 1801 1741 1835 m.‚
1764 1800 1831 1825 om.

353 1845 453 1880 sinc.
477 1845 523 1880 B.
552 1856 609 1891 sp.
640 1846 672 1880 d.
695 1845 742 1890 5,
766 1844 816 1879 18
958 1842 1009 1879 22
1042 1855 1075 1879 o.
1106 1844 1216 1891 igitur
1243 1855 1274 1879 e.
1306 1855 1341 1879 n.
1365 1845 1456 1879 enim
1484 1845 1508 1879 i.
1529 1855 1564 1892 p.
1597 1845 1699 1881 Vinc.

342 1899 392 1936 23
424 1900 547 1935 osculo
569 1900 650 1936 FC:
681 1899 800 1935 oscula
823 1899 874 1944 P,
903 1899 1045 1935 occulto
1079 1900 1178 1935 rinc.
1203 1900 1249 1935 B.
1279 1910 1334 1945 sp.
1364 1901 1399 1935 d.
1425 1899 1471 1945 4,
1496 1899 1595 1945 135,
1624 1898 1785 1935 obsculta
1803 1898 1838 1935 R

453 1955 504 1990 24
534 1955 734 2002 pandentur
752 1955 822 1990 PR
856 1955 959 1991 Vinc.
982 1965 1037 2000 sp.
1062 1956 1096 1991 d.
1126 1954 1172 2000 4,
1197 1955 1294 1991 135:
1323 1954 1526 2002 panduntur
1546 1955 1611 1991 FC
1721 1965 1791 1990 non
1814 1952 1844 1989 0

351 2011 469 2047 Vino„-
489 2021 568 2046 cum
589 2021 661 2046 non
681 2010 790 2046 PRF
898 2011 928 2045 si
949 2010 1115 2046 cecideris
1136 2011 1287 2047 PaRF:
1316 2013 1354 2045 in
1374 2022 1493 2057 mary.
1513 2011 1571 2046 Pa
1592 2021 1755 2056 rasura,
1777 2009 1836 2056 qui

341 2067 370 2102 si
402 2066 573 2102 cecideris
595 2093 604 2102 .
629 2093 637 2101 .
662 2067 722 2113 qui
755 2065 922 2101 accideris
952 2066 1005 2102 Pb
1138 2065 1342 2102 titubaberis
1371 2066 1426 2110 R,
1457 2064 1651 2101 turbaveris
1680 2064 1837 2111 Godosr.

462 2121 513 2158 25
544 2117 566 2142 '¹‘
588 2121 656 2157 hoc
686 2120 791 2157 habet
819 2125 859 2156 ut
888 2121 923 2156 in
953 2121 1047 2168 quod
1077 2123 1124 2158 cl.
1153 2120 1196 2156 M
1221 2121 1292 2158 35:
1322 2119 1426 2156 habet
1453 2125 1493 2156 ut
1519 2122 1554 2156 in
1583 2121 1650 2157 hoe
1678 2119 1773 2168 quod
1793 2120 1840 2166 F,

342 2176 446 2212 habet
475 2182 515 2212 ut
544 2177 579 2212 in
602 2176 698 2223 quod
719 2175 836 2222 PaR,
865 2176 900 2211 h.
925 2182 963 2212 ut
990 2177 1024 2212 in
1047 2187 1118 2224 quo
1138 2177 1195 2213 Pb
1313 2176 1431 2212 furere
1450 2181 1554 2224 putet
1573 2177 1626 2212 F.-
1654 2175 1764 2212 sureri
1782 2185 1838 2211 re-

341 2259 443 2301 putet
464 2254 532 2290 PR
554 2259 676 2290 ortum
697 2265 748 2290 ex
769 2233 878 2291 sure‘r}
898 2259 1001 2301 putet
1123 2253 1174 2291 26
1205 2249 1347 2302 omnes]
1370 2253 1502 2289 multos
1522 2253 1564 2289 M
1585 2253 1637 2290 10
1747 2253 1838 2289 enim

341 2309 465 2345 PRF:
486 2321 553 2346 om.
573 2308 691 2354 ECM,
708 2321 780 2357 quo
800 2311 920 2346 deleto
941 2311 978 2345 in
999 2311 1182 2357 integrum
1204 2311 1417 2346 restituitur
1436 2313 1654 2345 tetrameter
1673 2309 1837 2345 trochai-

341 2375 409 2401 cus
520 2365 701 2412 praevenit
722 2364 778 2400 Pu
799 2377 918 2412 mary.
937 2376 999 2411 pr.
1022 2377 1068 2400 m.
1088 2365 1169 2402 FC.-
1190 2365 1390 2412 praeveniet
1410 2364 1528 2411 PaE,
1557 2365 1616 2412 qui
1636 2363 1837 2412 praeveniet

341 2421 401 2467 qui
430 2421 608 2469 praevenit
636 2420 711 2466 Pb,
744 2425 932 2468 praevenet
960 2420 995 2456 R
1142 2420 1192 2457 27
1225 2419 1439 2456 ordinandus
1466 2421 1524 2456 Pa
1554 2431 1655 2457 corr.
1684 2429 1761 2455 rec.
1790 2429 1836 2454 m.

340 2475 556 2513 PbRFEC:
578 2475 757 2512 ornandus
778 2477 850 2522 Ρα,
876 2475 1082 2511 iudicandus
1103 2476 1144 2512 M
1166 2476 1218 2514 10
1358 2475 1409 2513 28
1442 2481 1476 2511 te
1496 2481 1580 2523 puta
1602 2474 1776 2519 Palm),
1798 2472 1842 2508 M

344 2531 414 2568 14:
447 2537 572 2580 reputa
591 2532 649 2567 Pa
670 2543 788 2579 mary.
805 2527 938 2577 prsm.
955 2532 1016 2578 qui
1036 2531 1164 2579 deputa
1187 2559 1196 2567 .
1220 2559 1228 2567 .
1253 2532 1313 2579 qui
1334 2537 1457 2579 reputa
1476 2531 1533 2567 Pb
1633 2530 1699 2578 ipsi
1719 2527 1836 2565 PBG.-

342 2600 412 2623 om.
435 2588 472 2624 F
582 2586 632 2623 29
664 2587 855 2634 opinantur
873 2586 1013 2623 PaRM
1033 2586 1104 2623 40:
1136 2588 1300 2634 opinatur
1325 2587 1402 2632 Pb,
1433 2587 1622 2634 opinentur
1639 2583 1705 2621 FC
1733 2584 1834 2620 Vinc.

342 2643 388 2678 B.
410 2654 469 2690 sp.
489 2645 524 2680 d.
547 2643 593 2688 5,
616 2642 679 2678 67.
739 2643 808 2678 Est
829 2643 999 2678 Senecae
1027 2643 1073 2678 de
1102 2644 1239 2679 remed.
1264 2641 1356 2689 fort.
1381 2642 1424 2688 7,
1448 2642 1468 2677 1
1499 2639 1601 2676 ‘Male
1628 2639 1672 2676 de
1699 2644 1734 2675 te
1761 2639 1836 2686 opi·

342 2705 470 2734 nantur
497 2698 669 2734 homines.
730 2697 797 2733 Sed
820 2697 898 2733 mali
921 2726 929 2733 .
955 2725 962 2733 .
988 2725 996 2733 .
1019 2708 1112 2734 nunc
1141 2698 1240 2734 malis
1267 2697 1452 2745 displicere
1479 2694 1609 2731 laudari
1633 2694 1716 2731 est?

342 2754 483 2800 malum,
505 2754 534 2789 si
555 2753 634 2789 mali
656 2753 756 2790 Vinc.
823 2749 1028 2802 displicere]
1055 2754 1088 2789 F
1104 2756 1141 2789 in
1163 2755 1261 2790 duas
1278 2753 1485 2789 sententias
1503 2752 1700 2787 dirimens.-
1720 2749 1837 2786 Omni·

342 2809 406 2844 bus
427 2810 518 2845 enim
539 2808 642 2856 displ.
757 2808 811 2846 30
839 2806 908 2843 EO
935 2809 1036 2845 Vinc.
1059 2810 1104 2844 B.
1127 2820 1184 2855 sp.
1206 2810 1237 2845 d.
1260 2807 1299 2854 4,
1322 2807 1387 2853 69,
1408 2806 1449 2843 Μ
1471 2805 1547 2842 129
1652 2805 1770 2842 blandi
1791 2805 1835 2841 M

432 2864 575 2900 adnixae
596 2865 631 2900 R
745 2863 794 2901 31
828 2863 945 2899 odium
967 2875 1025 2912 op.
1050 2864 1079 2900 C
1108 2865 1210 2900 Vino.
1233 2874 1291 2911 sp.
1312 2864 1346 2899 d.
1367 2861 1407 2908 4,
1432 2862 1530 2899 lOG:
1561 2860 1679 2897 odium
1701 2861 1836 2910 oportit
