1956 3308
316 252 393 300 104
720 268 920 299 runmnu
952 268 1051 298 srut
1085 267 1387 298 senmurum.

422 368 645 425 Quidquid
676 369 866 410 futurum
896 373 959 408 est
989 381 1211 419 summum,
1242 366 1298 408 ab
1328 367 1412 410 itno
1442 367 1643 409 nascitur.

420 434 560 486 Quam
591 436 792 476 miserum
823 439 898 485 est,
931 432 1003 474 ubi
1035 431 1259 474 consilium
1288 447 1390 475 casu
1419 433 1627 475 vincitur!

311 507 391 543 550
422 500 648 556 Quidquid
675 500 846 542 fortuna
876 504 1067 550 exornat,
1100 499 1183 540 cito
1213 498 1513 540 contemnitur.

420 566 642 622 Quidquid
672 556 769 622 plus
799 580 925 622 quam
954 579 1128 606 necesse
1159 571 1222 606 est
1251 564 1485 622 possideas,
1517 565 1686 621 premit.

420 633 507 685 Qui
537 639 635 689 pote
664 645 829 684 nocere,
860 632 1035 673 timetur
1064 646 1159 672 cum
1190 632 1319 672 etiam
1347 645 1432 672 non
1461 630 1597 674 adest.

419 700 558 751 Quem
588 699 699 740 bono
728 700 873 739 tenere
902 712 986 739 non
1017 698 1222 753 potueris,
1254 699 1476 739 contineas
1507 697 1633 739 malo.

422 766 549 818 Quod
580 766 722 806 senior
751 764 952 821 loquitur,
985 779 1129 805 omnes
1161 763 1386 806 consilium
1416 770 1580 820 putant.

309 838 389 875 555
421 833 563 885 Quam
593 833 793 872 miserum
822 821 912 886 est,=
932 830 1006 871 ubi
1036 837 1078 872 te
1108 836 1294 887 captant,
1326 831 1396 886 qui
1429 829 1724 871 defenderint!

420 897 548 950 Quod
579 899 759 954 quisque
788 903 915 950 amat,
947 896 1160 938 laudando
1189 895 1458 939 'commendat
1489 895 1587 938 sibi.

421 964 560 1016 Quem
590 963 760 1019 diligas,
793 964 935 1004 etiam⁸·
951 963 1072 1019 queri
1102 962 1156 1004 de
1185 963 1278 1019 ipso
1308 962 1466 1004 malum
1498 969 1575 1004 est.

422 1031 509 1083 Qui
540 1032 658 1072 venit
687 1037 734 1071 ut
764 1037 927 1083 noceat,
959 1044 1125 1086 semper
1154 1028 1384 1071 meditatus
1416 1030 1547 1070 venit.

423 1098 532 1150 Quis
563 1098 763 1138 miserum
794 1097 935 1149 sciret,
966 1095 1100 1137 verba
1128 1096 1214 1137 nisi
1243 1095 1420 1137 haberet
1449 1094 1601 1137 dolor?

311 1172 392 1208 560
421 1164 563 1216 Quam
593 1164 794 1204 miserum
823 1169 900 1213 est,
932 1176 1028 1203 cum
1049 1177 1094 1204 se
1114 1169 1292 1203 renovat
1313 1160 1610 1218 consumptum
1631 1161 1809 1203 malum!

421 1231 595 1283 Quanto
625 1229 760 1271 serius
791 1235 1002 1285 peccatur,
1034 1230 1154 1270 tanto
1185 1229 1390 1284 incipitur
1418 1229 1614 1291 turpius}

421 1298 563 1350 Quam
592 1297 721 1337 miser
750 1301 828 1348 est,
860 1296 938 1371 qui.
963 1309 1167 1336 excusare
1197 1294 1280 1336 sibi
1310 1309 1356 1336 se
1385 1309 1470 1336 non
1498 1295 1658 1363 potest!

421 1363 519 1415 Quo
549 1377 714 1415 caveas,
745 1376 840 1403 eum
869 1362 1036 1402 animus
1065 1360 1198 1415 aliud,
1229 1361 1363 1403 verba
1390 1359 1508 1402 aliud
1539 1343 1722 1479 peQnt‘?

423 1429 512 1481 Qui
544 1429 705 1470 invitus
736 1428 884 1482 servit,
914 1428 963 1469 fit
991 1428 1133 1480 miser,
1165 1428 1300 1469 servit
1330 1434 1484 1469 tamen.

315 1502 394 1539 565
426 1496 554 1548 Quod
585 1502 649 1536 est
678 1494 912 1536 timendum
946 1493 1120 1551 decipit,
1151 1495 1189 1536 si
1218 1493 1436 1549 neglegas.
1599 1483 1663 1524 x&

422 1561 541 1614 Quid
572 1561 653 1603 tibi
683 1561 864 1616 pecunia
894 1566 1033 1617 opust,
1066 1561 1103 1602 si
1133 1574 1183 1601 ea
1212 1561 1275 1602 uti
1303 1575 1388 1602 non
1418 1559 1573 1616 potes?

424 1627 552 1680 Quod
583 1627 731 1682 fugere
760 1626 925 1680 credas,
956 1641 1084 1683 saepe
1113 1625 1220 1669 solet
1250 1640 1473 1669 occurrere

425 1694 634 1746 Quamvis
664 1694 858 1747 acerbus,
891 1694 964 1749 qui
994 1699 1150 1746 monet,
1181 1692 1289 1735 nulli
1317 1699 1456 1735 nocet.

319 1897 494 1925 comens
525 1899 557 1923 v.
581 1886 888 1924 501-5682--F'
903 1885 970 1933 (Τ)

314 2009 403 2047 quae
431 1998 514 2034 abiit
540 2009 570 2033 s.
595 2009 629 2033 u.
654 1997 784 2033 Bothe.
844 1996 902 2044 Cf.
927 1997 1021 2033 Hor.
1046 1997 1164 2043 Epod.
1188 1996 1235 2042 2,
1259 1996 1306 2041 13
1337 1997 1382 2032 de
1402 1998 1628 2042 pronomine
1656 1997 1815 2032 relativo

315 2056 439 2091 addito
457 2065 519 2101 pq.
543 2053 596 2090 50
705 2052 782 2089 551
815 2049 838 2074 '¹‘
859 2051 1058 2100 possideas:
1088 2051 1279 2099 possidetis
1301 2052 1347 2098 F,
1369 2053 1466 2088 unde
1488 2051 1595 2088 Grut.
1617 2053 1717 2088 inter
1738 2055 1813 2088 tro·

316 2111 469 2146 rhaicos
488 2111 651 2155 recepit.-
682 2119 716 2155 q.
739 2113 794 2143 est
814 2119 848 2155 p.
871 2119 905 2155 q.
926 2119 960 2143 n.
982 2107 1205 2155 possidentes
1225 2106 1402 2155 deprimit.
1463 2106 1520 2154 Cf.
1540 2118 1603 2155 pq.
1626 2106 1676 2144 61

316 2165 394 2202 552
427 2163 484 2210 Cf.
507 2176 536 2200 v.
559 2163 639 2200 476
780 2169 865 2212 pote
892 2163 1064 2211 Inyolst..·
1090 2167 1211 2210 potest
1230 2163 1268 2198 F
1403 2162 1519 2208 adest]
1548 2167 1654 2198 uocet
1675 2162 1817 2198 Gruter

426 2219 506 2256 553
539 2219 595 2266 Cf.
618 2231 649 2255 v.
672 2218 765 2255 357.
786 2218 864 2255 495
897 2223 932 2254 et
954 2217 1112 2261 Quintil.
1144 2220 1228 2254 inst.
1258 2229 1313 2254 or.
1345 2215 1418 2263 12,
1441 2218 1479 2263 7,
1501 2217 1545 2254 3:
1576 2215 1652 2264 ‘qui
1680 2217 1817 2253 ratione

318 2275 452 2312 traduci
473 2274 513 2310 ad
538 2274 680 2310 meliora
701 2285 772 2310 non
793 2278 964 2321 possunt,
991 2273 1070 2310 solo
1092 2278 1189 2309 metu
1210 2267 1451 2309 continentur’
1579 2272 1673 2309 hunc
1694 2277 1813 2308 teneas

316 2332 456 2367 Gruter
571 2329 649 2366 555
682 2329 738 2376 Cf.
761 2341 793 2366 υ.
815 2329 896 2365 526
998 2333 1139 2376 captant
1160 2328 1318 2365 Gruter.-
1347 2329 1484 2376 capiant
1509 2328 1551 2372 F,
1574 2339 1624 2364 an
1644 2326 1811 2375 capiunt?

316 2387 556 2423 indicativum
586 2389 739 2421 tuentur
760 2397 791 2420 v.
814 2383 907 2422 526.
929 2383 1022 2421 549.
1043 2383 1125 2421 560
1255 2382 1478 2420 defenderint
1498 2382 1668 2431 Inqolsc..·
1693 2381 1815 2419 defen·

316 2453 395 2488 (lert
416 2453 468 2492 F,·
497 2450 730 2487 defenderent
757 2451 799 2487 G.
829 2449 983 2498 Meyer,
1014 2461 1104 2498 quos
1132 2449 1332 2486 defenderis
1361 2449 1482 2486 Bothe
1550 2458 1557 2463 ·
1613 2447 1691 2497 551
1721 2446 1814 2484 dele-

318 2508 424 2555 gisti,
453 2507 552 2555 queri
583 2507 686 2542 etiam
707 2505 751 2542 de
771 2505 832 2542 illo
855 2506 977 2542 Bothe
1090 2505 1169 2543 559
1200 2505 1267 2541 nisi
1288 2505 1339 2540 F.-
1368 2505 1398 2541 si
1418 2515 1489 2541 non
1513 2503 1648 2551 Orelli,
1679 2507 1812 2541 contra

317 2568 472 2599 metrum
593 2561 674 2599 560
705 2561 762 2608 Cf.
793 2574 823 2598 v.
846 2560 926 2598 497
1062 2561 1140 2598 561
1167 2553 1338 2608 'incipitur
1366 2560 1503 2608 turpius
1525 2559 1690 2597 Gruter.-
1716 2562 1813 2606 turp.

318 2620 385 2655 inc.
406 2619 459 2658 R.-
491 2618 544 2665 cs.
567 2617 653 2656 Sen.
688 2619 796 2663 epist.
821 2616 884 2661 13,
910 2616 958 2653 17
1099 2615 1180 2653 563
1210 2614 1233 2638 *
1254 2626 1325 2663 quo
1345 2626 1483 2652 caveas:
1519 2624 1590 2663 quo
1618 2613 1747 2650 caveus
1768 2611 1811 2658 F,

319 2685 390 2721 quo
412 2678 510 2710 cavet
530 2673 559 2708 is
581 2674 702 2720 vulyo,
724 2683 795 2720 quo
816 2677 911 2708 caret
932 2672 961 2708 is
988 2671 1231 2717 Ribbeckius,
1254 2671 1314 2719 qui
1334 2670 1466 2707 caveris
1487 2671 1582 2707 coni.
1607 2668 1725 2705 Orelli
1743 2668 1809 2705 ad·

320 2734 495 2766 versante
521 2733 659 2773 metro,
689 2728 748 2776 qui
769 2738 889 2764 caveas
911 2728 1031 2764 Bothe
1162 2725 1255 2763 aliud
1282 2726 1417 2762 animus
1438 2724 1580 2766 Bouto,-
1607 2722 1659 2771 cf.
1681 2735 1712 2759 v.
1733 2722 1812 2760 216

457 2790 492 2820 et
511 2785 620 2820 servit
640 2783 868 2820 Ribbeckius
1014 2782 1095 2820 566
1127 2793 1215 2830 opus
1235 2786 1290 2818 est
1310 2781 1348 2817 17
1480 2779 1510 2816 si
1530 2789 1569 2815 ea
1591 2778 1642 2820 17⁹,-
1670 2778 1700 2815 si
1722 2778 1810 2815 Rib-

320 2840 494 2883 becln'us,
534 2840 563 2874 si
592 2850 630 2875 ea
657 2841 790 2875 omisso
817 2842 872 2875 est
900 2838 1060 2875 Bollaius
1193 2835 1273 2874 567
1304 2834 1363 2882 Cf.
1390 2835 1467 2871 biv.
1496 2834 1544 2880 8,
1566 2833 1638 2879 24,
1659 2832 1685 2870 4

321 2895 399 2932 568
430 2893 576 2930 acerbus
597 2894 768 2942 Inqolst..·
788 2905 838 2929 ae.
859 2899 914 2929 est
935 2893 987 2934 F‚·
1017 2892 1070 2940 cf.
1093 2905 1124 2929 v.
1148 2891 1241 2929 255.
1263 2890 1341 2928 501
