1956 3308
712 229 1076 263 PROLEGOMENA.
1602 221 1657 263 47

140 333 228 390 legi
268 332 356 390 ipsi
393 331 809 409 obtemperavimus,
856 347 940 390 quo
976 332 1114 374 maior
1155 332 1281 374 nobis
1321 337 1434 374 esset
1470 331 1660 387 licentia,

0 453 4 455 s
83 447 100 459 J,
139 401 185 444 in
219 414 352 443 arena
389 400 512 456 quasi
549 406 716 442 secreta
753 401 863 443 citra
892 401 1149 457 cuiusquam
1178 399 1383 442 damnum
1413 366 1663 442 exsultandi

0 471 6 476 ”
54 470 83 512 »ἐξ
141 474 185 512 et
212 468 473 511 coniecturis
504 467 778 524 indulgendi.

529 742 592 798 V.
658 742 738 797 De
778 741 1276 814 interpolationibus.

234 873 592 936 Interpolatores
634 873 715 916 hoc
752 874 847 917 loco
883 889 970 917 non
1006 888 1079 917 eos
1118 874 1326 929 dicimus,
1372 875 1446 931 qui
1483 873 1662 916 Publilii

134 943 369 987 'sententiis
414 934 579 983 alienas
624 941 890 984 addiderunt
933 941 1007 997 (de
1049 942 1117 984 his
1159 943 1273 984 enim
1316 942 1402 983 iam
1439 942 1483 983 in
1522 942 1663 998 capite

70 1006 106 1063 ,i
142 1018 294 1069 quarto
323 1010 640 1067 exposuimus),
672 1009 749 1052 sed
778 1009 876 1052 illos
903 1009 1062 1067 potius,
1095 1011 1170 1067 qui
1186 1004 1515 1067 interpretandi
1535 1023 1663 1051 causa

142 1078 278 1121 verba
305 1083 460 1136 poetae
489 1078 672 1121 consulto
700 1078 1058 1119 immutaverunt:
1092 1079 1155 1119 sic
1185 1093 1262 1120 suo
1283 1078 1435 1119 ordine
1455 1077 1501 1118 in
1521 1077 1663 1133 eapite

142 1152 266 1189 sexto
283 1144 351 1188 >de
378 1145 434 1187 iis
465 1143 809 1202 corruptelarum
837 1145 1068 1201 generibus
1100 1145 1400 1187 disserendum
1427 1145 1524 1198 erit,
1554 1158 1664 1200 quae

8 1225 20 1266 '3
51 1231 65 1251 ‘2
84 1264 93 1268 ,
141 1216 287 1259 invitis
321 1213 513 1256 librariis
549 1212 742 1254 admissa
779 1219 880 1255 sunt
917 1227 968 1254 ac
1006 1212 1060 1254 de
1089 1211 1292 1255 tollendis
1323 1214 1399 1267 iis,
1436 1212 1484 1254 id
1514 1218 1580 1253 est
1609 1210 1664 1252 de

4 1279 8 1282 ’
143 1281 438 1335 emendandis.
497 1280 586 1323 Sed
624 1281 827 1337 quoniam
864 1282 910 1323 in
948 1280 1146 1338 plurimis
1178 1280 1399 1322 codicibus
1430 1278 1662 1336 interpola-

16 1361 17 1365 ’
139 1351 271 1409 tionis
309 1348 500 1406 vestigia
535 1362 622 1390 non
653 1349 848 1390 extincta
877 1348 1074 1405 quidem,
1112 1354 1157 1390 at
1194 1354 1310 1390 certe
1344 1348 1406 1390 ita
1435 1335 1664 1389 obscurata

0 1473 1 1476 Ἴ
64 1471 66 1474 ‚
143 1425 265 1471 sunt,
293 1424 342 1460 ut
370 1415 632 1474 aliquotiens
662 1416 853 1458 incertus
885 1415 1084 1470 haereas,
1117 1416 1259 1458 sintne
1289 1414 1444 1456 deletis
1475 1415 1662 1470 interpo-

143 1486 292 1530 latoris
335 1485 408 1528 vel
444 1483 700 1540 glossatoris
737 1482 1050 1526 additamentis
1091 1484 1250 1525 senarii
1286 1482 1564 1536 restituendi,
1609 1495 1664 1522 an

143 1553 382 1597 sentenfiae
418 1553 615 1611 pedestri
650 1553 839 1595 sermoni
874 1551 1188 1609 assignandae,
1227 1552 1414 1608 primum
1448 1549 1664 1591 luculento

0 1614 15 1702 l
51 1620 80 1683 [ᾗ
102 1621 350 1674 '‘codicis
380 1621 696 1664 Turicensis
718 1619 917 1678 exemplo
938 1619 1234 1661 demonstrare
1254 1618 1520 1672 conabimur,
1541 1616 1664 1673 quid-

0 1703 16 1765 ᾗ
33 1693 46 1725 Ϊ
143 1705 245 1733 nam
273 1688 443 1733 consilii
471 1688 803 1747 interpolatores
834 1688 971 1730 secuti
1002 1687 1090 1729 sint
1110 1693 1152 1729 et
1172 1701 1278 1744 quos
1305 1686 1362 1728 ad
1391 1685 1497 1726 fines
1518 1698 1663 1726 eorum

0 1766 12 1804 ὲ
144 1773 276 1817 opera
309 1763 508 1815 grassata
544 1758 615 1800 sit.
675 1757 730 1798 Id
767 1771 864 1798 cum
903 1770 981 1813 per
1020 1770 1066 1798 se
1095 1754 1269 1810 neglegi
1298 1768 1384 1796 non
1421 1752 1579 1810 possit,
1617 1757 1665 1792 ut

3 1823 4 1826 ¹
46 1818 67 1839 f
143 1832 310 1883 rectum
339 1825 395 1868 de
424 1825 579 1868 ceteris
615 1823 839 1868 codicibus
869 1823 1059 1865 feramus
1089 1822 1320 1876 iudicium,
1359 1827 1450 1863 tum
1481 1819 1663 1861 delecta-

98 1920 109 1927 ,
145 1893 276 1936 tionis
312 1893 482 1951 aliquid
510 1894 642 1936 habet
673 1907 730 1934 ex
759 1894 855 1950 ipsa
885 1891 1047 1934 codicis
1078 1889 1224 1932 indole
1253 1895 1383 1946 atque
1413 1887 1664 1930 condicione

135 1961 426 2019 ⁴comprobare
471 1953 715 2004 scholarum
760 1965 1062 2017 praeceptores
1099 1958 1170 2000 ad*
1198 1956 1438 2000 docendam
1473 1955 1664 2011 linguam

143 2027 324 2075 latinam
353 2028 534 2077 Publilii
564 2029 791 2071 sententiis
821 2042 923 2070 usos
954 2040 1063 2069 esse.

200 2129 205 2136 .
260 2098 304 2154 1)
334 2097 520 2140 Omissis
552 2096 777 2139 sententiis
799 2094 1126 2148 Turicensibus,
1158 2107 1267 2150 quae
1295 2097 1371 2134 aut
1399 2090 1455 2132 ad
1484 2089 1664 2132 verbum

147 2180 245 2208 cum
281 2164 542 2222 Publilianis
581 2165 780 2207 codicum
819 2162 1011 2205 PRBF
1026 2161 1296 2237 conspirant,
1326 2165 1409 2201 aut
1445 2157 1571 2215 plane
1600 2158 1663 2199 in-

147 2239 290 2276 certae
326 2239 427 2276 sunt
463 2233 668 2289 originis,
712 2231 839 2274 huius
880 2230 962 2272 erit
998 2229 1083 2272 loci
1112 2228 1166 2270 de
1199 2228 1253 2270 iis
1284 2227 1516 2281 disserere,
1556 2240 1665 2282 quae

146 2295 431 2359 paraphrases
461 2299 805 2343 Publilianamm
834 2296 1045 2341 dicendae
1075 2280 1189 2339 sunt.
1240 2294 1362 2348 Quas
1389 2295 1464 2351 qui
1484 2308 1581 2335 cum
1602 2294 1665 2334 in-

145 2369 282 2426 tegris
318 2367 520 2411 versibus
560 2367 901 2426 comparaverit,
938 2364 1067 2408 facile
1095 2363 1366 2422 perspiciet,
1387 2377 1473 2405 non
1501 2367 1590 2403 tam
1620 2359 1665 2402 id

147 2437 290 2493 egisse
325 2422 702 2494 interpolatorem,
743 2441 792 2477 ut
827 2447 981 2491 aspera
1020 2431 1275 2489 perpoliret,
1313 2430 1454 2472 minus
1493 2428 1664 2470 usitatis

2 2560 5 2563 y
148 2504 432 2548 substitueret
471 2503 691 2560 vulgaria,
717 2502 788 2544 ad
826 2500 1166 2556 intellegendum
1203 2497 1453 2541 obscuriora
1487 2494 1663 2538 auribus

55 2578 105 2612 z*
124 2622 127 2625 s
147 2572 272 2628 vulgi
305 2571 671 2625 accommodaret,
717 2569 796 2613 sed
831 2568 1023 2611 voluisse
1067 2582 1164 2609 eum
1202 2566 1372 2608 variare
1413 2564 1663 2615 orationem,

148 2641 426 2699 prospexisse
463 2641 612 2698 copiae
650 2638 884 2680 verborum
921 2635 1163 2693 parandae,
1201 2633 1387 2689 denique
1423 2629 1665 2673 ostendisse

109 2756 111 2758 ,
149 2707 364 2766 quomodo
401 2707 552 2750 eadem
591 2705 807 2749 sententia
841 2703 939 2746 aliis
976 2702 1123 2744 verbis
1160 2706 1304 2758 posset
1340 2698 1539 2754 exprimi.
1599 2697 1664 2739 Ac

148 2775 302 2820 videor
336 2774 444 2818 mihi
479 2774 652 2829 videre,
690 2771 847 2829 quibus
878 2770 1236 2812 exercitationum
1263 2764 1494 2823 generibus
1523 2778 1663 2820 gram·

95 2861 101 2865 ⁴
149 2842 331 2887 maticus
352 2843 585 2901 praecipue
606 2854 779 2899 operam
801 2837 984 2880 dederit.
1029 2835 1296 2879 Iubebantur
1317 2833 1438 2890 pueri
1459 2831 1503 2873 in
1522 2829 1665 2874 locum

150 2909 382 2967 singularis
403 2910 613 2968 pluralem
633 2922 858 2951 numerum
879 2904 1155 2958 substituere,
1182 2900 1498 2944 nominativum
1519 2913 1561 2940 v
1587 2898 1666 2940 115
