1956 3308
680 230 1046 262 PROLEGOMENA.
1264 244 1271 247 -
1611 224 1632 264 7

39 362 42 364 -
101 342 339 389 oneratum,
370 334 577 382 iocularia
606 338 807 389 agentem
837 347 934 374 cum
964 332 1134 375 medico
1164 333 1391 375 advocato.
1454 333 1552 386 Qua
1585 337 1629 376 in

36 424 48 447 ι
88 418 149 446 ,ΓΘ
185 394 317 446 nolim
356 402 556 459 equidem
593 416 752 457 negare
793 401 1034 457 antiquitus
1066 401 1194 443 unius
1227 401 1349 442 mimi
1380 401 1515 443 fuisse
1546 403 1630 458 pri-

54 519 60 524 ,
102 472 259 514 marias
291 477 449 528 partes,
480 469 667 526 reliquos
699 468 1000 510 archimimum
1029 468 1252 511 adiuvisse
1282 469 1462 511 vocibus
1484 469 1630 511 admo-

102 540 203 582 dum
232 553 328 581 raro
359 538 622 592 intcriectis3
659 536 734 578 sed
765 536 847 579 hoc
877 537 922 577 in
953 542 1103 593 aperto
1135 537 1213 591 e'st,
1246 536 1437 579 inductis
1470 552 1630 580 sermo-

102 606 229 649 nibus
260 605 439 648 alternis
473 612 513 646 et
543 611 669 646 aucto
701 605 931 646 mimorum
958 618 1136 646 numero
1160 603 1288 646 facile
1308 604 1403 646 fieri
1424 607 1632 662 potuisse,

101 681 148 717 ut
185 674 306 716 mimi
344 681 538 730 tempore
575 672 836 729 procedente
876 670 932 712 ad
969 670 1300 713 similitudinem
1330 671 1630 715 Atellanarum

100 741 482 799 amplificarentur,
513 740 558 782 id
581 746 646 782 est
666 746 714 782 ut
744 740 789 780 in
810 738 951 781 locum
973 740 1080 792 eius,
1114 739 1230 795 quod
1251 741 1466 797 principio
1490 741 1631 783 fuerat

100 824 309 867 personae
346 809 467 850 reive
505 809 692 850 comicae
730 807 1090 864 repraesentatio,
1130 808 1245 849 iusta
1283 807 1529 871 fabularum
1565 824 1631 850 ar-

96 884 307 934 ·gumenta
327 876 622 929 succederent,
656 874 725 916 vel
750 881 796 916 ut
817 889 972 930 graeco
995 874 1208 918 vocabulo
1230 881 1328 916 utar
1349 891 1374 917 a
1395 875 1630 918 Plutarcho

101 960 270 1002 quoque
299 946 345 986 in
381 943 639 986 definiendis
680 943 800 984 mimi
839 942 1071 998 generibus
1103 950 1333 1000 usurpato,
1375 941 1629 994 ὑποθέσεις.

102 1013 241 1070 quue
289 1011 424 1054 multo
467 1018 567 1053 ante
615 1017 808 1068 tempora
849 1009 1026 1052 Sullana
1066 1010 1228 1052 factum
1267 1019 1332 1054 est
1384 1011 1459 1066 (cf.
1501 1012 1629 1072 Mart.

101 1080 332 1122 Hertzium
362 1080 406 1120 in
437 1079 586 1122 Jahnii
618 1077 862 1131 annalibus,
895 1077 979 1120 vol.
1014 1078 1081 1131 93,
1113 1093 1185 1135 pg.
1217 1079 1335 1135 581),
1369 1086 1410 1121 et
1442 1081 1503 1122 ita
1534 1081 1627 1136 qui-

101 1148 214 1202 dem,
245 1155 293 1189 ut
323 1149 367 1189 in
397 1145 605 1188 catulario
630 1147 760 1188 mimo
781 1145 973 1199 Laberii,
1008 1145 1083 1201 (cf.
1106 1145 1343 1188 Ribbeckii
1367 1146 1531 1190 Comic.
1555 1147 1628 1189 lat.

101 1216 256 1272 fragm.
290 1230 360 1272 pg.
392 1215 476 1256 240
507 1221 548 1256 et
579 1213 825 1270 Scylacem,
863 1228 937 1270 pg.
967 1213 1071 1270 249)
1111 1214 1155 1255 in
1188 1213 1380 1256 ciusdem
1415 1215 1550 1257 ariete
1580 1231 1630 1257 ac

100 1291 223 1327 tauro
262 1283 388 1338 (ibid.
428 1297 499 1339 pg.
530 1282 627 1324 238.
666 1281 791 1337 250),
831 1282 877 1322 in
915 1282 1057 1323 scrofa
1094 1281 1356 1336 grundiente
1395 1283 1522 1338 (ibid.
1555 1299 1627 1340 pg.

100 1351 196 1404 249,
227 1365 269 1392 V.
302 1350 373 1407 82)
406 1348 532 1391 facilc
561 1363 791 1404 agnoscas,
825 1349 982 1406 quibus
1014 1349 1152 1390 initiis
1184 1351 1342 1393 mimus
1372 1351 1429 1391 ad
1460 1358 1628 1392 tantum

100 1420 411 1460 incrementum
434 1418 692 1474 pervenerit.
748 1418 839 1459 Nec
860 1417 1075 1458 immerito
1096 1416 1274 1458 Laberii
1307 1418 1431 1460 ‘Late
1452 1418 1628 1475 loquen-

101 1490 183 1528 tes’
204 1487 232 1527 i.
255 1500 291 1526 e.
315 1483 636 1538 πλατυλόγους,
668 1490 710 1526 et
732 1483 930 1537 ‘Gallos’,
954 1499 1135 1541 quorum
1156 1499 1398 1527 sermonem
1418 1487 1629 1528 rusticum

101 1561 227 1611 poeta
256 1554 301 1594 in
332 1552 570 1594 ludibrium
601 1553 785 1594 vertisse
816 1551 1032 1608 putandus
1066 1558 1132 1593 est
1145 1553 1199 1607 ²¹²),
1233 1555 1329 1594 cum
1361 1552 1496 1595 Ulixe
1526 1568 1626 1596 con-

101 1622 230 1674 feras,
264 1619 497 1674 ‘Fulloncs,
530 1619 810 1674 Piscatorem,
843 1619 1108 1669 Restionem,
1132 1620 1433 1663 Staminarias'
1467 1628 1508 1663 et
1528 1621 1627 1663 reli-

102 1703 187 1746 qua
216 1687 483 1746 opificiorum
513 1702 672 1742 genera
702 1688 747 1728 in
775 1687 917 1728 mimis
958 1686 1177 1744 descripta
1211 1703 1305 1730 cum
1338 1689 1526 1731 mulione
1558 1689 1628 1731 vcl

102 1755 336 1809 causidico,
368 1755 421 1796 dc
450 1754 606 1811 quibus
638 1754 765 1797 modo
794 1754 929 1796 verba
950 1755 1146 1797 fecimus.
1198 1755 1284 1798 Sed
1307 1757 1520 1813 quomodo
1549 1759 1627 1799 mi-

100 1838 195 1865 mus
232 1822 389 1880 aliquis
429 1823 663 1879 inscriptus
703 1837 798 1865 esse
828 1823 1017 1879 potuerit
1048 1822 1245 1881 ‘Marius'
1287 1823 1367 1878 (ita
1398 1839 1454 1866 ex
1485 1826 1626 1867 conie-

101 1897 222 1933 ctura
251 1890 456 1932 scribitur
486 1890 606 1934 Com.
629 1889 702 1932 lat.
729 1905 801 1947 pg.
823 1889 940 1944 245),
973 1905 1052 1946 ego
1085 1890 1258 1947 quidem
1289 1906 1375 1932 non
1404 1906 1626 1948 assequor.

213 1957 380 2000 Horum
417 1958 620 1999 memoria
658 1958 993 2015 primordiorum
1023 1972 1077 1999 ne
1107 1958 1420 2014 posterioribus
1453 1949 1627 2016 quidem

99 2025 367 2083 temporibus
413 2025 643 2078 obscurata
683 2031 759 2067 est.
821 2025 952 2078 Quod
991 2026 1102 2067 enim
1151 2025 1254 2067 olim
1293 2041 1369 2068 suo
1408 2027 1501 2069 iure
1540 2028 1626 2070 dici

100 2093 266 2136 solebat
298 2094 492 2135 ‘mimum
521 2098 666 2148 agere'
677 2125 687 2145 ,
720 2107 819 2134 cum
848 2108 957 2134 unus
989 2099 1156 2149 ageret,
1198 2093 1278 2136 hoc
1309 2096 1508 2152 usurpari
1538 2111 1626 2138 non

100 2161 286 2203 desitum
317 2166 403 2214 est,
444 2175 540 2201 cum
571 2159 627 2201 ad
657 2161 835 2202 mimum
866 2160 1084 2216 agendum
1114 2176 1201 2203 non
1230 2161 1506 2218 paucioribus
1538 2162 1625 2205 his-

99 2228 314 2271 trionibus
345 2242 452 2284 opus
484 2234 609 2282 esset,
643 2242 769 2284 quam
792 2228 837 2269 in
856 2226 1036 2284 reliquis
1058 2218 1302 2271 fabularum
1328 2231 1625 2272 scacnicarum

99 2295 344 2354 generibus
404 2295 496 2337 Iam
518 2296 654 2351 igitur
682 2295 909 2337 dicebatur
928 2297 1107 2337 mimum
1131 2311 1275 2352 agere,
1307 2312 1393 2339 non
1415 2298 1488 2354 qui
1510 2297 1625 2340 solus

99 2364 257 2406 actoris
288 2369 432 2420 partes
465 2363 731 2417 sustinebat,
774 2364 847 2405 sed
882 2379 991 2405 unus
1024 2365 1228 2421 quisquc,
1266 2366 1387 2407 cuius
1419 2366 1464 2406 in
1494 2367 1625 2408 mimo

98 2429 267 2487 agendo
311 2429 479 2486 aliquae
525 2437 647 2472 erant
683 2439 849 2488 partes,
896 2432 991 2473 sive
1031 2433 1195 2488 primae
1206 2465 1216 2486 ,
1262 2434 1356 2474 sive
1394 2433 1623 2475 secundae.

99 2497 224 2551 Quae
253 2497 412 2540 locutio
443 2512 541 2539 cum
571 2497 699 2540 facilc
730 2512 917 2558 errore-m
947 2514 1172 2556 procreare
1195 2501 1405 2557 potuerit,
1438 2516 1523 2543 non
1544 2502 1621 2542 mi-

98 2580 192 2607 rum
223 2563 467 2620 videbitur,
499 2565 600 2607 inde
629 2565 782 2608 falsam
812 2566 931 2609 illam
962 2568 1209 2624 opinionem
1240 2574 1378 2611 ortam
1409 2575 1451 2610 ct
1482 2583 1618 2626 usquc

188 2690 221 2735 *)
247 2684 376 2725 Utr'um
402 2692 554 2725 ‘Tusca’
580 2702 721 2735 quoque
740 2693 892 2726 Laberii
916 2693 984 2726 huc
1011 2694 1137 2735 faciat,
1165 2705 1211 2727 an
1237 2695 1357 2737 potius
1379 2694 1624 2736 intelligenda

101 2749 151 2781 sit
174 2749 344 2782 meretrix
367 2749 444 2782 vici
467 2749 591 2790 Tusci,
617 2748 766 2781 videant
791 2749 869 2782 alii.
918 2750 975 2783 Cf.
1000 2750 1122 2783 Plaut.
1151 2749 1258 2783 Curc.
1276 2751 1353 2784 482.
1380 2752 1468 2783 Hor.
1496 2751 1572 2783 Sat.
1590 2753 1611 2783 2

101 2805 140 2846 3,
166 2805 242 2837 228.
269 2823 310 2828 —
334 2805 565 2838 Priscianum
590 2805 633 2837 X.
660 2806 698 2846 8,
734 2815 765 2847 p.
791 2807 857 2838 900
887 2806 927 2840 Ρ.
954 2806 1146 2848 scripsisse
1174 2807 1334 2838 conicio:
1367 2804 1558 2840 Publilius
1582 2789 1623 2839 ivi.

102 2855 338 2893 Mmmillone
363 2860 485 2902 (vulgo
510 2859 811 2901 Murmunthoow,
836 2859 1097 2894 Murmrcone
1123 2862 1180 2895 vel
1207 2860 1457 2902 Mummium)
1485 2860 1623 2896 ‘Cellas

104 2923 286 2948 servorum
310 2915 500 2956 converri&
