1956 3308
1190 83 1209 94 r

360 217 413 260 32
507 208 510 211 ’
915 228 1285 275 ,ΡιιοιεαοΜΕΝκ

359 331 487 372 tionis
527 336 736 387 emptores
772 329 935 385 aliquid
973 331 1217 372 desiderare
1254 337 1441 386 possent.
1501 330 1687 373 Adiutus
1718 337 1783 373 est
1812 331 1856 374 in

359 396 515 437 edendi
544 411 674 453 opera
702 396 872 437 schedis
901 395 1166 449 Desbilloni,
1204 397 1277 452 qui
1306 398 1466 453 passim
1496 411 1592 439 cum
1621 397 1764 439 Bothii
1795 398 1854 439 in·
1923 396 1932 408 ⁸

359 463 501 504 ventis
531 462 685 503 mirum
716 463 760 503 in
789 461 961 504 modum
991 463 1260 518 conspirasse
1288 469 1482 519 repertus
1511 470 1589 505 est.

469 529 635 570 Novem
664 528 786 569 annis
816 534 911 584 post
931 527 1108 570 Publilii
1129 529 1361 570 sententias
1391 528 1601 571 ‘adhibito
1622 529 1731 572 libro
1752 531 1852 572 scri-

358 601 431 650 pto
461 593 867 651 Gryphiswaldensi
907 595 1249 647 membranaceo,
1288 610 1520 651 numquam
1548 602 1675 637 antea
1702 595 1855 638 collato

357 662 573 721 recensuit
593 666 635 701 et
650 662 859 703 varietate
879 660 1075 717 lectionis
1096 662 1302 703 instruxit
1318 661 1395 703 Dr.
1417 661 1529 704 Car.
1552 661 1854 711 Guernerus
1888 683 1893 692 =

356 726 661 781 Reinhold’,
693 727 946 769 Anclamiae
975 728 1095 781 1838,
1125 729 1193 769 eui
1220 727 1366 770 libello
1397 727 1578 769 multum
1613 742 1715 769 sane
1745 742 1855 770 com-

357 793 642 835 mendationis
672 793 854 847 addidit,
886 807 981 835 cum
1010 793 1172 850 aliquot
1200 808 1332 836 novas
1363 794 1596 835 sententias
1618 808 1674 835 ex
1690 793 1763 836 illo
1785 808 1852 836 co-

358 859 453 900 dice
482 861 715 902 accessisse
743 860 962 916 professus
984 867 1109 902 esset.
1153 860 1315 902 Verum
1335 860 1433 902 illae
1453 861 1689 902 sententiae
1708 875 1853 903 omnes

357 940 411 967 ex
431 926 619 968 Senecae
648 925 831 982 dialogis
861 933 935 968 aut
963 926 1310 969 Pseudosenecae
1340 926 1393 968 de
1422 926 1611 977 moribus
1642 926 1751 969 libro
1781 927 1851 977 de-

355 999 549 1048 sumptae
578 999 692 1046 sunt,
721 993 836 1034 unde
866 993 1056 1035 codicem
1078 992 1709 1050 Gryphiswaldensem„quod
1738 993 1852 1034 idem

355 1059 488 1100 multa
516 1059 671 1100 menda
701 1061 806 1102 satis
836 1058 1004 1113 docent,
1036 1073 1091 1100 cx
1114 1059 1383 1116 interpolatis
1404 1074 1497 1101 esse
1517 1066 1632 1101 certo
1654 1059 1850 1100 efficitur.

464 1126 638 1167 Accedo
681 1127 763 1167 iam
800 1125 856 1167 ad
897 1124 1093 1167 ultimum
1131 1125 1307 1176 Publilii
1353 1125 1581 1180 editorem,
1623 1127 1761 1167 virum
1799 1125 1852 1166 de

354 1193 491 1246 poetis
535 1192 679 1234 latinis
722 1193 881 1248 optime
921 1192 1139 1243 meritum,
1185 1192 1428 1235 Ottonem
1471 1191 1850 1245 Ribbeekium,

355 1272 476 1313 quem
517 1259 561 1299 in
592 1259 861 1301 Comicorum
890 1257 1119 1300 latinorum
1148 1257 1339 1314 reliquiis
1369 1273 1442 1315 pg.
1470 1258 1690 1300 258—308
1718 1264 1850 1300 totam

353 1326 644 1379 quaestionem
680 1326 978 1382 profligavisse
1015 1332 1139 1368 erunt
1177 1325 1358 1367 fortasse
1396 1326 1469 1381 qui
1498 1324 1672 1366 credere
1701 1324 1851 1366 velint.

353 1389 482 1442 Quod
512 1393 549 1433 si
578 1393 639 1434 ita
668 1398 795 1446 esset,
825 1393 922 1435 aliis
952 1394 1094 1450 potius
1125 1391 1279 1434 studiis
1310 1392 1356 1432 in
1384 1391 1500 1433 horis
1528 1388 1758 1433 subcisivis
1779 1405 1849 1432 va·
1905 1395 1917 1407 ⁸

353 1471 515 1499 cassem
527 1459 540 1498 ε’
576 1473 670 1500 cum
703 1465 867 1513 autem,
899 1459 1001 1515 quid
1031 1460 1077 1500 in
1107 1459 1198 1500 eius
1231 1457 1419 1500 editione
1448 1458 1539 1499 iure
1568 1456 1849 1510 desideretur,

352 1525 437 1564 iam
467 1525 511 1565 in
541 1524 755 1580 Philologi
790 1525 877 1568 vol.
908 1526 976 1567 22.
1007 1540 1078 1582 pg.
1108 1525 1191 1567 436
1221 1531 1263 1566 et
1290 1524 1373 1566 462
1410 1523 1689 1565 indicaverim
1719 1524 1849 1580 potis-

353 1591 588 1647 simamque
618 1593 775 1634 erroris
805 1606 976 1634 causam
1005 1592 1106 1633 inde
1135 1592 1428 1647 repetiverim,
1468 1590 1580 1647 quod
1610 1589 1682 1631 ille
1712 1589 1849 1632 subsi-

352 1656 436 1699 diis
475 1657 635 1699 criticis
672 1673 822 1714 parum
857 1659 1092 1701 instructus
1123 1664 1233 1711 erat,
1270 1657 1534 1699 voluntatem
1562 1671 1639 1713 pro
1667 1671 1712 1697 re
1739 1656 1848 1697 acci-

351 1738 452 1780 pere
481 1724 708 1781 oportebit.
767 1724 856 1777 Qui
887 1726 999 1766 enim
1028 1725 1200 1781 poterit,
1230 1723 1275 1764 id
1297 1722 1410 1779 quod
1432 1723 1735 1778 gravissimum
1756 1737 1849 1764 esse
1901 1772 1929 1778 .-

351 1791 565 1845 existimo,
596 1791 650 1832 de
679 1792 902 1833 sententiis
931 1791 1086 1847 aliquis
1116 1796 1278 1832 certum
1298 1790 1438 1831 facere
1458 1789 1678 1842 indicium,
1708 1790 1849 1831 sintne

349 1856 527 1898 Publilii
563 1871 619 1898 an
654 1872 760 1911 non,
809 1859 877 1899 eui
913 1872 967 1899 ne
1003 1857 1049 1899 id
1086 1856 1257 1914 quidem
1283 1862 1481 1909 constet,
1521 1855 1623 1911 quid
1662 1856 1705 1896 in
1746 1870 1846 1911 quo-

350 1937 432 1979 que
467 1924 616 1966 codice
646 1925 853 1981 scriptum
890 1924 977 1966 sit‘?
1022 1923 1103 1965 Vel
1133 1923 1194 1965 sic
1222 1929 1362 1964 tamen
1392 1921 1681 1964 Ribbeckium
1710 1921 1846 1963 tribus

350 1996 606 2046 quattuorve
642 1991 838 2033 versibus
875 1991 1056 2032 salutem
1091 1989 1286 2032 attulisse
1314 1987 1429 2031 haud
1459 1987 1731 2030 diffitendum
1762 1995 1845 2030 est:

348 2056 513 2113 reliqua
548 2057 797 2114 plerumque
833 2059 897 2100 sie
932 2057 1205 2099 considerare
1240 2054 1369 2097 malui
1406 2055 1529 2111 quasi
1566 2055 1725 2111 scripta
1762 2069 1847 2096 non

349 2130 506 2178 essent,
535 2139 590 2166 ne
619 2125 664 2166 in
693 2123 927 2166 refellendo
958 2123 1124 2179 longior
1152 2122 1311 2164 fierem.
1370 2122 1417 2163 Si
1447 2122 1557 2163 enim
1588 2121 1669 2164 hoc
1691 2121 1845 2163 editori

349 2191 556 2231 committi
586 2190 707 2244 solet,
737 2198 785 2232 ut
815 2191 970 2247 quibus
1000 2191 1044 2232 in
1074 2189 1179 2231 locis
1209 2203 1304 2230 eum
1334 2189 1407 2244 qui
1436 2188 1631 2245 proxime
1655 2193 1845 2229 anteces-

349 2258 406 2298 sit
432 2257 671 2299 correxisse
699 2258 781 2299 sibi
813 2257 1006 2309 videtur,
1038 2255 1174 2297 fusius
1203 2261 1412 2311 exponat,
1449 2253 1682 2295 Ribbeckii
1711 2253 1844 2295 editio

349 2338 447 2377 una,
477 2329 625 2380 utpote
655 2324 710 2365 ad
739 2337 930 2365 normam
959 2324 1065 2364 artis
1096 2322 1270 2364 criticae
1301 2327 1464 2374 exacta,
1496 2321 1540 2361 in
1570 2334 1741 2362 censum
1771 2334 1843 2361 ve·
1894 2363 1924 2374 ‘v

347 2390 440 2431 nire
477 2396 644 2446 poterat
688 2404 795 2446 quae
830 2391 875 2431 in
912 2389 1269 2446 comparationem
1314 2393 1569 2444 ,perpetuam
1607 2392 1843 2444 vocaretur.

349 2455 433 2498 Sed
477 2456 651 2498 meliore
693 2463 901 2513 apparatu
945 2457 1151 2498 instructo
1189 2454 1461 2496 inhonestum
1496 2459 1710 2495 certamen
1748 2467 1843 2494 cum

347 2524 499 2565 inermi
544 2524 635 2565 fore
678 2523 970 2580 providebam.
1030 2521 1229 2564 Ceterum
1274 2520 1388 2578 quod
1425 2519 1693 2563 Ribbeekius
1731 2520 1843 2561 dixit
1911 2563 1914 2566 Α

346 2588 575 2631 admodum
606 2604 740 2646 pauca
770 2605 878 2644 esse,
910 2604 1018 2646 quae
1036 2589 1276 2630 accuratius
1299 2589 1492 2630 excussis
1511 2585 1734 2642 argutiolis
1756 2585 1840 2627 illis
1912 2596 1915 2597 ’

347 2656 456 2698 disci
493 2662 687 2712 possent,
726 2656 771 2698 id
801 2671 885 2697 non
914 2655 1069 2697 falsum
1106 2654 1280 2711 quidem
1310 2661 1393 2708 est,
1431 2652 1507 2695 sed
1537 2667 1592 2694 ex
1620 2652 1841 2694 sententiis

346 2723 456 2764 male
493 2724 687 2765 excussis
724 2724 853 2765 etiam
888 2723 1088 2779 pauciora
1125 2721 1416 2763 redundatura
1451 2733 1544 2761 esse
1579 2718 1706 2760 facile
1742 2732 1839 2759 eon·
1908 2778 1910 2780 V

346 2791 533 2831 cedetur.

457 2858 564 2898 Cum
594 2870 647 2896 ne
678 2855 887 2899 editiones
918 2855 1088 2912 quidem
1120 2869 1263 2897 omnes
1285 2851 1459 2896 Publilii
1491 2866 1737 2914 enumerare
1766 2865 1839 2894 vo·
1908 2899 1911 2901 ,
