1956 3308
622 647 858 697 Addenda
893 650 945 696 et
980 646 1288 709 Corrigenda.

286 854 328 886 In
353 851 582 896 corrigendis
607 849 768 894 plagulis
794 859 875 882 cum
902 845 1000 881 Gar.
1024 845 1257 889 Halmius,
1282 848 1345 890 qui
1370 858 1441 880 non
1467 848 1537 880 sibi
1555 847 1619 880 sed
1639 847 1725 880 aliis

196 902 234 932 et
256 898 391 931 litteris
414 901 523 931 natus
548 906 629 930 esse
653 895 812 937 videtur,
838 893 1024 927 indefesso
1049 904 1107 926 me
1126 893 1249 926 studio
1274 893 1482 935 adiuvaret,
1509 893 1648 925 factum
1667 896 1723 926 est

195 947 237 976 ut
262 942 460 976 nonnullae
487 943 567 976 eius
598 941 850 978 coniecturae,
887 949 977 982 quas
1002 949 1048 972 ne
1073 938 1268 981 typotheta
1299 938 1409 971 nimis
1440 941 1638 971 vexaretur
1664 938 1725 970 ad-

195 989 382 1022 notationi
407 989 562 1022 criticae
586 987 748 1020 inserere
773 984 964 1018 molestum
991 987 1083 1025 erat,
1108 984 1361 1027 opportuniori
1378 983 1459 1016 loco
1478 983 1726 1017 reservandae

120 1038 129 1043 “
195 1036 333 1068 essent.
380 1034 457 1067 Eas
482 1034 595 1077 igitur
624 1030 817 1073 hocloco,
850 1040 921 1073 quo
952 1029 1166 1073 palinodiae
1198 1029 1304 1063 nobis
1337 1028 1531 1062 canendae
1565 1029 1725 1070 fuerunt,

194 1079 449 1123 proponendas
475 1077 781 1112 existimavimus.

284 1124 339 1158 Ad
363 1135 449 1168 pag.
477 1125 529 1157 15.
578 1122 683 1164 Quod
709 1121 785 1154 dixi
809 1121 1008 1154 Publilium
1033 1120 1240 1153 sententias
1267 1121 1310 1153 36
1336 1123 1373 1152 et
1388 1119 1457 1153 458
1482 1119 1528 1152 ab
1547 1118 1725 1162 Euripide

195 1170 414 1214 sumpsisse,
447 1170 485 1203 id
511 1168 640 1211 scripsi
674 1167 896 1200 auctoritate
922 1165 1125 1208 Scaligeri,
1160 1175 1266 1208 quem
1296 1165 1370 1200 vid.
1394 1164 1543 1208 epistul.
1578 1166 1645 1198 343
1671 1164 1726 1200 ed,

195 1216 372 1251 Francof.
397 1215 486 1248 anni
512 1215 610 1248 1627.
659 1212 730 1246 Sed
756 1222 825 1255 quo
849 1211 931 1244 loco
948 1211 1120 1254 legantur
1137 1220 1266 1244 versus
1282 1211 1410 1253 graeci
1427 1211 1465 1242 in
1483 1209 1727 1243 adnotatione

196 1262 245 1295 ad
268 1261 308 1298 ll.
334 1271 388 1294 cc.
417 1271 439 1294 a
469 1260 574 1294 nobis
607 1258 803 1300 adscripti,
841 1258 949 1289 immo
981 1256 1104 1289 sintne
1136 1266 1175 1289 re
1208 1266 1297 1289 vera
1330 1255 1519 1298 Euripidis
1557 1265 1605 1288 an
1634 1255 1729 1288 alius

196 1310 340 1351 poetae,
365 1305 522 1339 nondum
546 1304 653 1338 nobis
678 1302 907 1346 exploratum
932 1304 999 1334 est.

286 1352 379 1395 Pag.
404 1352 460 1393 54,
484 1350 580 1386 med.
606 1347 793 1391 aliquod
818 1345 1064 1390 lectiones]
1091 1347 1164 1389 leg.
1193 1346 1382 1387 aliquot.

323 1421 342 1439 „
401 1398 455 1430 64.
483 1397 526 1430 In
549 1394 716 1429 codicum
743 1395 954 1436 conspectu,
979 1402 1087 1435 quem
1105 1393 1144 1424 in
1161 1391 1316 1434 singulis
1333 1391 1480 1434 paginis
1498 1390 1731 1424 adnotationi

559 1441 715 1474 criticae
740 1438 1029 1482 praeposuimus,
1055 1436 1195 1470 lunulis
1222 1436 1262 1478 ()
1290 1435 1440 1469 codices
1458 1433 1588 1468 TEGn
1612 1436 1730 1468 inclu-

559 1487 683 1526 simus,
708 1484 825 1518 veluti
851 1493 934 1526 pag.
961 1484 1004 1517 65
1030 1486 1078 1517 ‘v.
1100 1483 1229 1515 1—34:
1255 1478 1446 1514 PRBFV
1460 1478 1588 1523 (E0)²,
1615 1482 1731 1524 signi-

558 1531 714 1583 ficantes
730 1539 859 1607 veEmclyis
879 1530 989 1562 1—34
1007 1538 1132 1561 omnes
1149 1530 1278 1560 extare
1296 1528 1335 1559 in
1352 1523 1551 1566 PRBFV,
1570 1527 1731 1560 selectos

563 1587 608 1610 ex
633 1585 680 1608 us
704 1585 742 1607 m
838 1602 846 1609 .
1415 1581 1423 1584 “

215 1648 234 1664 ,
327 1650 347 1666 „
407 1625 463 1662 66,
489 1622 536 1655 ad
561 1633 596 1655 v.
623 1622 666 1654 10
690 1620 842 1653 facias
868 1620 943 1652 iam
966 1618 1200 1651 Ribbekkius
1226 1616 1447 1652 emendavit.

326 1695 346 1711 ‚,
405 1671 462 1710 73,
486 1669 525 1700 in
550 1666 676 1699 adnot.
701 1664 748 1698 ad
772 1675 806 1698 v.
834 1665 899 1698 106
922 1661 1074 1707 neest]
1100 1663 1174 1706 leg.
1199 1662 1336 1695 deest.

338 1740 346 1756 ‚
405 1716 459 1754 75,
485 1723 519 1749 v.
546 1713 611 1745 143
635 1708 786 1753 multo]
816 1709 974 1743 fortasse
1005 1705 1173 1752 [saepe]
1199 1705 1387 1740 Halmius.

338 1785 346 1801 ‚
405 1761 461 1799 77,
486 1769 519 1793 v,
547 1758 611 1790 179
636 1756 814 1790 fortasse:
839 1754 964 1787 ultra
988 1753 1180 1797 perdere
1206 1752 1270 1785 nil
1295 1755 1451 1795 potest
1475 1749 1663 1784 Halmius.

341 1830 349 1846 ,
408 1806 463 1839 78.
490 1804 544 1845 79,
569 1803 608 1835 in
633 1801 757 1835 adnot.
775 1799 822 1833 ad
845 1811 878 1834 ν.
898 1801 963 1833 193
981 1802 1018 1832 et
1034 1800 1101 1832 200
1117 1797 1277 1831 delenda
1293 1800 1377 1830 sunt
1394 1798 1525 1830 verba:
1552 1797 1732 1829 inserta

565 1850 635 1881 est
658 1845 768 1879 libri
792 1844 998 1878 Gelliani
1024 1847 1062 1876 et
1086 1843 1270 1886 gravius
1294 1839 1369 1875 PR

341 1921 348 1937 ,
406 1896 464 1937 80,
489 1895 528 1926 in
552 1892 677 1925 adnot.
705 1891 753 1923 ad
777 1901 812 1923 v.
837 1891 904 1923 214
928 1890 1000 1933 leg.
1026 1888 1270 1928 occultum,
1296 1898 1369 1920 non
1395 1886 1638 1920 oecultum.

329 1966 349 1983 „
408 1942 464 1982 90,
490 1949 525 1972 v.
550 1938 616 1972 386
643 1933 799 1979 avaro]
826 1936 911 1968 fort.
937 1937 1108 1978 praestat
1133 1943 1325 1967 avarum.

330 2011 349 2028 ‚,
408 1987 465 2029 95,
491 1995 525 2018 ν.
549 1983 618 2016 444
642 1982 717 2014 ubi
743 1979 852 2023 eius]
884 1981 1009 2012 cuius
1033 1977 1220 2011 Halmius.

331 2056 350 2071 ‚,
389 2033 466 2072 100,
490 2040 524 2063 v.
549 2029 618 2061 498
642 2027 725 2059 Pro
751 2025 866 2059 b6na
893 2022 1027 2067 fama]
1057 2023 1116 2058 Cf.
1140 2022 1285 2064 Proleg.
1311 2032 1370 2064 pg.
1395 2023 1449 2056 44.

331 2101 350 2116 „
390 2077 452 2109 101
478 2077 516 2108 et
541 2074 606 2106 106
630 2082 689 2106 w.
714 2072 781 2104 503
807 2073 844 2102 et
868 2071 934 2103 583
965 2071 1093 2111 utpote
1126 2067 1239 2110 spurii
1272 2076 1345 2098 non
1377 2067 1523 2099 uncinis
1558 2063 1571 2109 [
1597 2063 1633 2109 ]‚
1667 2065 1733 2098 sed

569 2116 707 2150 lunulis
733 2116 745 2156 (
772 2115 786 2155 )
811 2114 1024 2147 includendi
1051 2116 1166 2148 erant.

331 2191 351 2207 „
388 2166 466 2207 106,
491 2165 598 2198 Prov.
623 2162 667 2196 94
692 2164 735 2194 et
759 2161 802 2192 in
827 2157 963 2202 mille]
991 2157 1109 2191 Recte
1134 2157 1399 2199 Frisingensis:
1433 2156 1520 2188 Sed
1545 2157 1589 2188 in
1615 2167 1660 2188 m.

331 2236 352 2252 „
391 2211 467 2251 112,
491 2219 524 2245 v.
550 2209 617 2242 634
640 2206 718 2239 ubi
742 2205 804 2238 nil
830 2205 1015 2238 timetur
1039 2204 1112 2236 iam
1128 2204 1162 2236 J.
1181 2202 1291 2245 Oasp.
1311 2201 1472 2235 Orellius
1490 2201 1602 2234 scribi
1619 2200 1735 2234 voluit

568 2254 607 2286 iu
630 2251 793 2285 Phaedri
818 2250 918 2286 sabb.
945 2249 1050 2282 novis
1075 2259 1134 2292 pg.
1160 2249 1214 2282 55.

333 2326 352 2342 ‚‚
391 2302 466 2341 114,
493 2310 526 2335 v.
544 2299 611 2332 654
627 2295 868 2339 relinquenda
887 2298 968 2328 erat
984 2293 1124 2327 codicis
1140 2293 1357 2325 'l'uricensis
1375 2292 1559 2334 scriptura
1583 2294 1736 2327 semet.

333 2371 353 2387 ,‚
391 2347 467 2387 114,
492 2355 526 2380 v.
550 2343 616 2376 658
642 2342 829 2375 amicum
855 2340 1000 2384 gratis
1027 2339 1122 2372 coni.
1149 2335 1336 2371 Halmius.

391 2391 468 2430 115,
493 2401 526 2422 v.
551 2384 753 2466 670lplus]
783 2386 885 2418 nolui
904 2395 1082 2428 reponere
1106 2384 1280 2426 plures,
1307 2393 1353 2415 ne
1371 2382 1550 2415 iambicos
1567 2392 1736 2415 numeros

570 2437 629 2466 tur
658 2442 768 2465 arem.

334 2505 354 2522 ‚,
395 2481 470 2521 150,
497 2482 530 2522 3,
556 2480 587 2518 6,
612 2473 846 2520 Malorum]
872 2475 943 2518 leg.
968 2475 1205 2507 Maiorum.

298 2526 466 2568 Denique
489 2524 560 2558 hoc
585 2523 729 2556 nomine
754 2521 844 2554 mihi
868 2519 1027 2564 petenda
1051 2519 1161 2552 venia
1185 2521 1252 2555 est,
1279 2517 1372 2560 quod
1390 2518 1428 2549 in
1446 2516 1646 2549 afferendis
1663 2516 1739 2548 Me—

208 2571 340 2605 nandri
364 2569 562 2604 sententiis
588 2572 625 2601 et
648 2566 793 2600 Erasini
815 2565 970 2608 Adagiis
995 2564 1168 2597 maiorem
1194 2566 1358 2606 poteram
1383 2562 1556 2594 adhibere
1583 2560 1739 2603 diligen-

208 2618 310 2651 tiam.
351 2616 442 2649 Cum
467 2614 563 2648 enim
589 2612 665 2645 alia
682 2612 893 2654 Gottingae,
920 2609 1099 2650 Basiliae,
1121 2607 1300 2646 Vitoduri‚
1326 2607 1452 2640 Turici
1476 2606 1623 2639 schedis
1648 2607 1739 2638 meis

208 2662 432 2702 intulissem,
465 2660 542 2693 alia
569 2669 613 2692 ex
638 2657 749 2691 Zellii
773 2655 979 2689 Ribbekkii
1011 2654 1239 2696 aliorumque
1272 2652 1546 2686 commentariis
1572 2651 1739 2694 deprom-

210 2707 376 2750 psissem,
402 2715 484 2739 sero
511 2702 755 2738 animadverti
779 2711 851 2735 non
877 2710 1002 2734 omnes
1027 2699 1156 2732 iisdem
1183 2697 1406 2731 editionibus
1429 2706 1514 2730 usos
1542 2706 1623 2729 esse
1641 2695 1740 2729 ideo-

167 2760 170 2764 ”
212 2761 282 2795 que
307 2752 488 2795 capitum,
521 2748 851 2794 paragraphorum,
877 2755 1047 2779 versuum
1073 2753 1260 2784 numeros,
1294 2743 1454 2776 fortasse
1478 2751 1549 2775 uno
1576 2741 1739 2774 alterove

211 2797 401 2874 locofi‘ilpsa
424 2796 540 2831 verba
565 2795 788 2837 discrepare.
832 2791 937 2834 Quod
960 2790 1088 2833 aequis
1113 2788 1296 2822 iudicibus
1315 2790 1529 2821 excusatum
1549 2796 1628 2819 esse
1647 2786 1740 2819 satis

214 2851 284 2875 con
336 2851 370 2876 ο.

333 2416 352 2433 ’5
