1956 3308
323 246 398 287 116
765 250 1052 287 senmurum
1083 256 1373 289 rumennssss.

429 354 516 407 Qui
547 355 827 397 dormientem
856 362 994 410 necat,
1025 355 1245 398 absentem
1275 356 1509 400 ulciscitur.

429 419 556 473 Quod
586 428 651 463 est
680 428 919 474 venturum,
951 421 1122 477 sapiens
1154 422 1274 478 quasi
1305 437 1505 480 praesens
1536 430 1672 466 cavet.

319 493 397 529 675
427 487 600 540 Reddit,
631 502 715 528 non
745 486 902 543 perdit,
933 488 1033 543 quoi
1063 487 1166 543 quid
1195 487 1381 530 alienum
1411 489 1506 532 fuit.

428 554 615 609 (Regnat
645 553 826 595 earnalis
858 553 1086 610 cupiditas,
1117 553 1191 595 ubi
1220 569 1305 596 non
1336 561 1400 597 est
1429 555 1499 597 dei
1529 557 1718 611 caritas.)

429 620 515 661 Sua
545 620 618 676 qui
646 626 805 672 servat,
836 619 959 661 salva
989 634 1080 661 esse
1110 619 1204 662 vult
1234 622 1484 663 eommunia.

429 687 542 727 Satis
573 692 636 727 est
666 700 866 742 superare
896 686 1130 740 inimicum,
1160 688 1340 728 nimium
1370 694 1435 730 est
1465 688 1655 745 perdere.

428 752 639 808 Suspicax
668 754 836 794 animus
866 753 1055 794 omnium
1085 753 1258 795 damnat
1287 753 1429 796 fidem.

318 824 398 860 680
428 818 624 875 Suspicio
655 819 846 874 probatis
876 820 1007 860 tacita
1036 819 1193 860 iniuria
1223 826 1300 861 est.

427 885 628 941 Superari
657 899 682 926 a
712 886 930 941 superiore
958 899 1056 942 pars
1089 892 1152 927 est
1181 885 1357 941 gloriae.

427 950 672 1007 Supplicem
702 951 914 992 hominem
945 953 1184 1008 opprimere
1214 953 1352 994 virtus
1382 954 1467 995 non
1497 958 1583 1006 est,
1614 953 1689 994 sed
1719 967 1811 995 eru·

1114 1017 1282 1060 delitas.

427 1084 527 1126 Sine
556 1084 652 1140 lege
680 1099 816 1142 poena
847 1091 912 1126 est
940 1085 1072 1126 animi
1102 1085 1376 1127 conscientia.

427 1151 540 1193 Satis
572 1157 636 1192 est
665 1151 865 1209 disertus,
898 1165 920 1191 e
950 1165 1032 1207 quo
1062 1150 1251 1207 loquitur
1279 1152 1453 1193 veritas.

316 1222 393 1259 685
426 1217 604 1270 †Tarde
625 1218 662 1258 si
691 1218 868 1272 gravius
899 1218 967 1258 vir
995 1218 1195 1259 irascitur
1224 1223 1265 1258 et
1294 1217 1500 1273 perbieax
1527 1216 1761 1260 ulciscitur.

423 1283 526 1325 Tuti
556 1290 654 1325 sunt
683 1299 843 1338 omnes,
873 1298 982 1325 unus
1011 1283 1087 1325 ubi
1116 1282 1374 1325 defenditur.

424 1348 525 1391 'Ubi
556 1349 734 1392 libertas
765 1351 935 1403 cecidit,
965 1349 1096 1391 audet
1125 1349 1258 1391 libere
1286 1351 1410 1391 neme
1440 1349 1569 1407 loqui.

424 1416 527 1458 Vita
557 1417 693 1458 otiosa
721 1431 902 1472 regnum
931 1423 1007 1469 est,
1039 1422 1081 1458 et
1111 1430 1238 1457 curae
1267 1417 1422 1458 minus.

425 1482 505 1537 (Ut
534 1482 678 1539 plures
710 1483 991 1538 corrigantur,
1022 1484 1103 1525 rite
1133 1483 1259 1539 pauci
1289 1482 1538 1539 eliduntur.)

313 1666 477 1711 trahitur,
498 1666 528 1701 si
550 1666 645 1701 ultro
671 1665 766 1701 illam
787 1670 822 1701 et
843 1666 941 1713 prior
962 1667 1143 1713 occupes?
1261 1665 1340 1703 673
1371 1671 1471 1702 necat
1491 1665 1755 1702 Froehlichius
1775 1670 1811 1703 et

313 1719 366 1755 M.
389 1720 582 1767 Hauptius
596 1738 605 1756 .·
626 1731 750 1757 necare
771 1721 897 1756 nititur
919 1721 960 1757 T.
1023 1720 1082 1767 Cf.
1105 1733 1137 1758 v.
1162 1721 1224 1757 12.
1247 1720 1327 1758 476

405 1776 484 1813 674
515 1781 613 1812 cavet
637 1776 773 1812 Orelli:
793 1777 883 1812 cavit
909 1777 956 1817 T‚·
977 1776 1031 1823 cf.
1054 1789 1086 1813 v.
1111 1777 1190 1814 607
1294 1776 1373 1813 675
1403 1777 1466 1813 Ita
1485 1778 1628 1823 scripsi
1646 1787 1697 1814 ex
1717 1776 1807 1813 Rib-

311 1832 435 1868 bechin·
453 1834 693 1878 coniectura,
722 1843 833 1879 quam
853 1834 891 1868 in
912 1833 1153 1869 adnotatione
1170 1834 1389 1878 proposuit.-
1418 1831 1566 1878 Reddit,
1586 1842 1658 1868 non
1679 1832 1809 1880 perdit,

311 1888 372 1935 qni
392 1887 488 1934 quod
509 1887 659 1923 alienum
681 1892 769 1933 erat,
789 1887 962 1934 persolvit
986 1887 1026 1923 Τ.
1085 1887 1143 1923 De
1161 1889 1382 1935 ylossemate
1402 1887 1595 1935 persolvit,
1617 1888 1670 1923 ad
1687 1889 1807 1933 expli-

311 1944 472 1979 candam
493 1953 618 1979 vocem
638 1942 754 1978 reddit
774 1944 967 1988 adscripto
989 1942 1041 1989 cf.
1064 1943 1213 1990 Proley.
1232 1955 1296 1990 pq.
1319 1941 1371 1980 48
1466 1942 1545 1979 677
1575 1938 1595 1960 ‘²
1615 1953 1694 1979 esse
1715 1942 1807 1978 vult:

311 1998 386 2033 vult
413 2009 490 2034 esse
516 1998 564 2039 T‚·
592 2009 654 2034 sua
677 1999 735 2045 qui
756 2003 961 2044 conservat,
988 1998 1080 2034 salva
1101 1997 1176 2034 vult
1197 1999 1395 2034 communia
1415 1997 1631 2044 Hauptius,
1659 2002 1700 2034 ut
1717 2008 1808 2045 yra-

312 2056 406 2090 tiore
438 2054 518 2090 ictu
544 2056 597 2090 ita
621 2054 785 2101 fortiore
818 2055 980 2090 remedio
1008 2058 1044 2090 el
1070 2054 1223 2090 turbata
1253 2055 1541 2099 allium-atione,
1575 2053 1621 2089 de
1649 2064 1724 2100 qua
1751 2052 1808 2100 cf.

311 2109 437 2145 Plaut.
462 2109 566 2146 Trin.
588 2109 636 2155 4,
658 2109 702 2155 3,
724 2108 775 2146 82
798 2107 872 2145 ‘me
887 2109 1043 2156 servavi,
1072 2108 1189 2145 salvus
1209 2108 1328 2155 redii’,
1355 2109 1440 2145 ibid.
1461 2107 1501 2155 4,
1523 2108 1562 2154 3,
1585 2107 1635 2145 69
1658 2106 1806 2144 ‘salvum

310 2169 347 2201 et
366 2164 573 2211 servatum',
597 2164 687 2201 Cato
707 2166 753 2201 de
773 2175 816 2200 re
836 2176 868 2200 r.
892 2164 985 2210 141,
1007 2164 1031 2201 3
1054 2162 1177 2212 ‘pecua
1198 2163 1291 2200 salva
1310 2164 1512 2210 servassis’,
1534 2163 1609 2200 Cic.
1644 2164 1749 2200 Verr.
1768 2163 1807 2209 2,

312 2219 358 2266 5,
380 2219 453 2266 58,
472 2231 546 2267 pro
568 2220 710 2256 Cluent.
736 2219 810 2266 12,
832 2219 905 2265 33,
934 2220 1011 2256 Liv.
1035 2219 1107 2266 22,
1131 2220 1203 2266 10,
1225 2218 1261 2255 2.
1303 2218 1431 2256 Possis
1457 2221 1586 2255 etiam.-
1615 2217 1806 2266 Suumqui

309 2280 447 2320 servat,
475 2274 569 2310 salva
597 2275 672 2310 vult
691 2276 902 2311 communia.
1019 2275 1098 2311 678
1128 2285 1295 2322 superare
1314 2275 1492 2310 inimicum
1512 2273 1726 2320 Hauplius:
1755 2274 1803 2310 in.

309 2341 389 2377 sup.
415 2330 457 2375 T,
479 2330 619 2366 hostem
639 2341 718 2377 sup.
746 2330 867 2366 Orelli
969 2330 1048 2366 679
1079 2326 1260 2379 suspicax]
1282 2330 1450 2367 notanda
1470 2330 1617 2377 syllaba
1637 2329 1805 2366 secunda

309 2388 348 2422 in
368 2386 443 2422 hac
465 2396 553 2422 voce
570 2387 759 2432 producta
846 2385 1010 2433 dampnat
1031 2386 1066 2422 R
1155 2385 1233 2423 689
1264 2384 1376 2433 probo
1399 2385 1530 2421 homini
1550 2386 1646 2421 coni.
1671 2383 1789 2421 Orelli
1794 2398 1806 2425 ,-

310 2441 363 2488 cf.
388 2453 420 2477 v.
446 2440 523 2477 195
651 2440 729 2478 682
762 2441 819 2487 Cf.
842 2453 873 2477 v.
897 2441 974 2477 109
1095 2440 1174 2477 683
1205 2451 1319 2488 poena
1346 2445 1401 2476 est
1428 2441 1531 2476 animi
1554 2439 1804 2477 Ribbeckius:

310 2501 427 2532 autem
455 2507 569 2544 poena
600 2501 654 2532 est
678 2497 727 2538 T,·
755 2497 860 2532 etiam
881 2497 958 2532 sine
978 2496 1059 2543 lege
1080 2506 1192 2544 poena
1213 2501 1267 2532 est
1288 2495 1502 2532 conscientia
1526 2495 1655 2541 Orelli,
1682 2494 1758 2531 sine
1777 2492 1801 2530 Ι.

310 2557 459 2599 poenast
485 2551 630 2588 sceleris
658 2563 688 2588 c.
712 2552 916 2597 Hauptius.
978 2551 1036 2598 Cf.
1058 2564 1089 2589 v.
1113 2551 1204 2588 196.
1228 2551 1320 2588 227.
1343 2546 1437 2588 443.
1570 2548 1649 2587 684
1679 2545 1699 2568 ⁸
1718 2549 1802 2584 satis

310 2611 365 2642 est
385 2606 539 2643 disertus
561 2608 608 2643 cl.
632 2619 664 2644 v.
687 2607 780 2644 505.
805 2607 903 2644 616:
934 2607 1019 2643 satis
1042 2606 1204 2643 desertus
1225 2612 1279 2643 est
1304 2606 1351 2647 T‚·
1380 2607 1464 2642 satis
1485 2605 1654 2641 disertum
1677 2603 1800 2640 Orelli.

402 2673 421 2698 e
442 2673 512 2710 quo
538 2662 671 2699 Orelli.-
700 2663 743 2698 de
764 2673 835 2710 quo
861 2663 893 2699 T
1002 2662 1080 2700 685
1112 2662 1306 2699 Sententia
1325 2662 1494 2710 yram'ter
1512 2663 1695 2706 corrupta
1713 2668 1800 2705 per·

311 2720 401 2754 tinet
418 2717 589 2765 fortasse
609 2719 661 2754 ad
679 2730 710 2755 v.
733 2717 785 2755 53
808 2720 865 2755 vel
887 2718 964 2755 195
1079 2718 1157 2755 686
1189 2716 1247 2753 ubi
1268 2716 1471 2753 defenditur
1491 2725 1582 2751 unus
1606 2714 1648 2761 T,
1677 2724 1800 2751 emen-

310 2774 412 2809 davit
435 2773 552 2809 Orelli
682 2773 760 2811 687
791 2769 954 2823 libertas]
977 2776 1032 2810 sic
1056 2774 1104 2820 T,
1125 2784 1198 2810 non
1218 2771 1385 2818 libertus,
1410 2771 1510 2819 quod
1526 2775 1664 2806 narrat
1688 2769 1804 2807 Orelli

402 2828 527 2865 cecidit
546 2829 762 2876 Hauptius:
783 2828 875 2865 cadit
899 2829 932 2865 T
1040 2828 1119 2866 689
1148 2829 1217 2864 rite
1237 2838 1328 2864 unus
1347 2826 1439 2874 perit
1462 2824 1589 2863 Orelli.
1641 2825 1799 2862 Contra-

309 2885 369 2919 ria
390 2889 446 2920 est
465 2887 650 2921 sententia
671 2897 704 2922 v.
728 2883 819 2920 224.
843 2883 923 2922 345
