1956 3308
689 266 714 294 1
720 265 1054 296 ROLEGOMENA.
1581 301 1587 311 ⁸
1614 257 1641 296 5

109 383 266 411 semus.
326 367 459 420 Quod
493 381 617 410 secus
648 381 695 410 se
723 367 884 409 habere
914 367 996 409 hoc
1025 366 1118 409 loco
1149 366 1343 409 breviter
1373 368 1637 409 monendum

106 437 375 495 putavimus.

222 500 310 547 Sed
339 518 394 546 ne
422 503 666 546 accuratius
697 503 1035 559 investigemus,
1073 503 1188 560 quod
1218 502 1350 546 fuerit
1381 509 1534 560 poetae
1564 519 1638 546 no-

111 586 209 614 men
239 580 434 630 quaeque
465 572 557 613 eius
588 571 743 628 patria,
776 570 1002 621 videamus
1025 585 1110 627 qua
1130 570 1298 626 ingenii
1318 569 1464 613 indole
1485 586 1641 614 nomen

108 655 235 682 suum
271 638 504 682 immortali
542 639 808 696 posteritatis
839 639 1072 681 memoriae
1102 637 1487 681 commendaverit.
1547 639 1639 681 Ma-

109 699 453 763 crobius-,igitur
491 708 536 749 in
568 706 657 750 Sat.
688 706 737 760 2,
770 707 814 759 7,
846 706 872 748 6
904 721 995 771 seq.
1027 706 1135 748 haec
1164 705 1368 748 tradidit:
1413 707 1639 759 Publilius,

108 777 276 819 natione
305 775 458 830 Syrus,
498 789 592 817 eum
615 788 725 829 puer
754 775 814 817 ad
833 778 1068 828 patronum
1097 775 1389 830 dominilessct
1417 776 1636 827 adductus,

102 845 338 898 promeruit
366 857 459 886 eum
478 857 563 885 non
584 844 725 885 minus
743 843 903 885 salibus
922 846 960 885 et
978 843 1147 896 inqendo
1168 856 1298 895 quam
1315 842 1470 895 forma.
1520 843 1638 886 Nam

105 912 211 965 forte
239 925 333 954 cum
362 911 429 954 ille
457 924 622 953 servum
649 924 774 971 suum
802 911 1075 964 hydropicmn
1094 911 1295 952 iacentem
1315 911 1364 952 in
1384 925 1488 953 area
1507 911 1637 953 vidis-

105 982 166 1022 set
193 979 549 1033 increpuissetqzoe‚
582 979 686 1032 quid
712 980 760 1020 in
788 979 870 1021 sole
898 978 1063 1031 faceret,
1095 979 1311 1033 respondit
1329 977 1503 1031 Aquam
1531 979 1637 1021 cale-

105 1047 220 1100 facit.
281 1046 469 1089 Ioculam·
499 1047 644 1089 demde
672 1059 796 1099 super
825 1060 926 1088 cena
956 1049 1100 1088 exorta
1130 1047 1387 1099 quaestione,
1420 1047 1635 1099 quodnam

48 1149 52 1153 .
108 1118 208 1158 esset
234 1115 448 1157 molestum
477 1115 618 1165 otium,
651 1114 772 1156 aliud
800 1114 884 1156 alio
915 1115 1114 1168 opinante
1143 1114 1223 1165 ille,
1248 1112 1480 1168 Podaqrc‘ci
1491 1116 1630 1168 pedes,

108 1183 224 1225 dixit.
287 1181 346 1224 Ob
383 1182 483 1224 haec
512 1185 550 1224 et
577 1182 668 1224 alia
701 1195 833 1223 manu
864 1183 1014 1226 missus
1043 1185 1081 1223 et
1109 1182 1268 1223 maiore
1297 1195 1403 1223 cura
1431 1183 1634 1233 eruditus,

107 1264 200 1292 cum
236 1251 384 1292 mimos
419 1252 674 1304 componeret
707 1250 944 1304 inqentique
981 1249 1162 1292 adsensu
1198 1250 1245 1291 in
1275 1248 1434 1292 Italiae
1469 1251 1636 1304 oppidis

107 1332 228 1372 ayere
265 1319 474 1372 coepisset,
504 1318 736 1372 productus
772 1320 830 1359 est
859 1316 1022 1359 Romae
1049 1330 1130 1371 per
1162 1316 1359 1360 Caesaris
1399 1318 1528 1360 ludos.
1590 1317 1637 1360 Si

107 1399 211 1428 vero
242 1384 446 1428 subtilius
479 1399 674 1442 quaeras,
706 1399 793 1426 non
822 1383 1070 1427 Macrobius
1102 1383 1181 1426 sed
1203 1383 1373 1426 Gellius
1405 1384 1482 1429 lib.
1505 1385 1636 1427 VIII.

107 1468 200 1530 cap.
225 1453 277 1496 15
297 1452 401 1495 haec
431 1453 596 1510 primus
626 1451 863 1494 tradidisse
895 1452 1134 1494 censendus
1171 1458 1249 1507 est,
1283 1452 1400 1508 quod
1422 1458 1464 1494 et
1485 1452 1637 1509 deper-

107 1503 190 1562 diti
227 1519 344 1562 illius
382 1519 484 1562 libri
522 1520 650 1562 docet
691 1520 996 1573 summarium,
1034 1533 1116 1561 nec
1153 1519 1357 1562 abhorret
1388 1535 1414 1561 a
1443 1520 1636 1563 moribus

49 1577 59 1586 ⁸
107 1587 342 1642 Macrobii,
382 1602 510 1644 quem
540 1587 754 1644 permulta
782 1586 1057 1644 impudenter
1086 1602 1112 1628 a
1143 1586 1287 1629 Gellio
1318 1587 1510 1630 furatum
1541 1603 1636 1629 esse

107 1669 234 1698 nemo
263 1655 416 1697 nescit.
477 1654 607 1707 Quod
636 1661 781 1696 autem
803 1654 1037 1697 Suetonius
1068 1655 1113 1696 in
1144 1654 1218 1696 illo
1250 1653 1304 1696 de
1325 1656 1432 1697 viris
1454 1655 1634 1698 illustri-

107 1722 189 1765 bus
211 1722 336 1776 libro,
369 1737 451 1779 quo
473 1729 695 1779 poetarum
716 1722 948 1764 latinorum
970 1723 1084 1766 vitas
1106 1721 1356 1779 complexus
1379 1729 1459 1777 est,
1482 1723 1634 1765 Publi-

107 1789 214 1832 lium
244 1789 358 1832 dixit
387 1791 734 1845 mimoyraphum,
766 1789 1001 1832 Laberium
1032 1796 1181 1832 contra
1211 1792 1436 1833 mimorum
1462 1792 1635 1845 scripto-

108 1872 214 1910 rem,
253 1857 301 1900 id
337 1857 500 1900 nullam
529 1857 659 1899 aliam
689 1857 745 1900 ob
776 1872 949 1900 causam
980 1857 1145 1900 factum
1176 1871 1271 1899 esse
1301 1858 1511 1912 arbitror,
1549 1859 1637 1900 nisi

43 1922 52 1927 “
108 1925 223 1982 quod
259 1924 325 1966 illi
362 1926 494 1967 moris
534 1931 626 1968 erat
663 1931 812 1983 poetas
844 1924 976 1967 Italia
1014 1925 1219 1967 oriundos
1257 1924 1392 1967 latino
1423 1925 1635 1968 vocabulo

107 1993 339 2049 scriptores
370 1992 602 2050 appellare,
634 1999 681 2036 ut
701 1994 887 2035 Accium
916 1993 1251 2049 tragoediarum,
1283 1993 1502 2035 Lucilium
1532 1995 1634 2036 sati-

106 2074 265 2114 rarum,
298 2058 528 2112 Quintium
549 2061 701 2103 Attam
730 2067 987 2116 togatarum,
1010 2061 1296 2118 Pomponium
1317 2061 1635 2104 Bononiensem

107 2126 406 2170 Atellanarum
437 2129 706 2185 scriptorem,
738 2127 958 2170 Catullum
989 2127 1188 2184 lyricum,
1219 2129 1511 2171 Fenestellam
1542 2145 1632 2171 car-

106 2196 271 2237 minum
291 2196 544 2252 scriptorem
566 2195 695 2250 dixit,
727 2182 843 2237 idem
865 2202 1014 2238 contra
1034 2195 1335 2239 Philistionem
1358 2197 1634 2253 Magnesium

63 2291 65 2293 ·
106 2262 465 2320 mimographum.
526 2262 802 2320 Quamquam
831 2278 918 2306 non
945 2264 1212 2320 negaverim,
1244 2265 1483 2307 maximum
1503 2266 1634 2319 inter-

46 2323 52 2335 ⁴
108 2330 261 2372 cedere
300 2329 536 2373 discrimen
574 2332 687 2373 inter
717 2330 955 2373 Publilium
987 2338 1029 2374 et
1058 2331 1314 2374 Laberium:
1361 2333 1476 2389 quod
1507 2333 1634 2390 quale

108 2403 222 2440 esset
253 2411 349 2440 cum
368 2397 510 2440 adhue
538 2397 694 2440 multos
716 2398 918 2454 fugisset,
950 2399 1114 2442 factum
1135 2405 1214 2453 est,
1245 2406 1293 2442 ut
1315 2407 1358 2451 et
1378 2400 1432 2442 de
1453 2401 1633 2442 Publilii

107 2465 333 2508 sententiis
375 2466 461 2507 viri
505 2465 622 2508 docti
658 2467 801 2508 minus
839 2472 956 2509 recte
994 2466 1259 2521 iudicarent,
1306 2475 1348 2510 et
1385 2467 1461 2510 illa
1499 2467 1634 2510 Plinii

108 2532 243 2574 verba
272 2532 522 2576 ‘Publilium
542 2534 733 2576 mimicae
752 2548 926 2577 scaenae
946 2535 1211 2578 conditorem’
1243 2550 1473 2593 perperam
1499 2537 1631 2578 inter-

109 2606 395 2657 pretarentur.

222 2666 515 2720 Quamobrem
560 2683 715 2726 operae
759 2670 946 2725 pretium
990 2684 1085 2711 esse
1122 2671 1297 2713 videtur
1334 2670 1462 2728 paulo
1502 2670 1632 2713 altius

110 2741 322 2792 repetere,
359 2741 408 2778 ut
448 2736 689 2779 accuratius
726 2739 950 2790 noscatur,
989 2736 1104 2779 unde
1142 2739 1305 2791 mimi,
1349 2739 1423 2794 qui
1454 2737 1632 2780 Publilii

110 2807 251 2844 aetate
288 2817 338 2843 ac
369 2802 527 2845 deinde
564 2803 646 2845 sub
676 2803 935 2846 Caesaribus
967 2811 1180 2860 exigente
1210 2805 1323 2847 Iulia
1353 2812 1473 2847 tanto
1504 2820 1633 2863 opere

112 2866 462 2925 celebrabantur,
502 2870 713 2926 originem
750 2872 963 2914 traxerint
998 2877 1040 2913 ct
1070 2872 1283 2928 quomodo
1322 2871 1530 2929 paulatim
1560 2887 1630 2915 ex-

113 2933 218 2976 culti
237 2935 336 2978 sint.
381 2934 448 2979 Ac
469 2939 655 2994 primum
675 2939 850 2995 quidem
871 2945 1040 2982 constat
1060 2940 1212 2982 mimos
1234 2940 1474 2996 antiquitus
1495 2940 1631 2983 fuisse
