1956 3308
365 221 418 262 96
780 230 981 261 Punmml
1012 230 1112 261 svm
1144 230 1443 263 senmurum.

471 331 652 373 Occasio
683 344 811 386 aegre
841 330 1028 382 offertur,
1059 328 1187 370 facilc
1214 330 1438 371 amittitur.

361 409 446 434 prov.
477 396 682 439 Peccandi
717 398 798 439 cluo
833 399 929 438 sunt
963 408 1135 449 ymera,
1174 396 1294 438 aliud
1328 409 1376 438 cx
1396 396 1624 450 preposite,
1663 396 1783 438 aliud
1808 410 1857 438 ex

1157 462 1419 516 ncyleqentia.

473 529 668 582 Plerique
697 532 805 570 metu
826 541 996 581 peccare
1025 531 1191 579 cessant,
1222 541 1307 570 non
1334 527 1580 571 innocentia.

475 595 665 647 Profecto
696 595 796 636 tales
824 595 971 645 timidi,
1001 607 1086 636 non
1114 595 1343 636 innoeentes
1371 595 1541 636 dicendi.

475 661 734 713 Priusquam
755 661 977 714 promittas
1005 661 1206 712 deliberes,
1236 664 1283 703 ut
1310 674 1402 703 cum
1422 661 1666 714 promiseris
1690 661 1836 713 facias.

392 732 447 769 40
477 727 609 773 Prius
636 728 674 769 si
701 728 923 780 nequieris,
952 727 1092 779 fecisse
1114 730 1256 781 postea
1282 728 1426 780 fallere
1454 730 1521 768 est.

476 793 653 847 Propter
682 806 851 835 eausam
878 793 1008 836 multa
1043 795 1174 836 amico
1203 794 1341 845 dabis,
1379 794 1532 836 multae
1559 806 1709 836 causae
1736 791 1877 837 etiam'

1156 863 1299 902 contra
1328 861 1519 902 amicum.

480 925 566 968 Pro
595 939 640 968 eo
668 926 896 980 reliyiosior
924 927 1017 980 eris,
1047 939 1125 979 quo
1154 926 1310 968 melior.

476 993 723 1035 Praestabis
743 993 990 1046 parentibus
1012 994 1218 1045 pietatem,
1249 993 1432 1047 coynatis
1460 993 1721 1035 dilectionem.

477 1054 719 1101 Praestabis
747 1060 893 1100 amicis
920 1059 1054 1112 fidem,
1085 1059 1275 1101 omnibus
1303 1060 1560 1112 aequitatem.

398 1130 450 1167 45
482 1125 635 1168 Pacem
663 1139 756 1167 cum
783 1125 1017 1167 hominibus
1044 1125 1219 1177 habebis,
1251 1125 1397 1169 bellum
1426 1139 1518 1167 cum
1545 1126 1667 1168 vitiis.

478 1191 684 1234 Pecuniae
711 1193 916 1245 imperare
944 1195 1107 1246 oportet,
1135 1205 1220 1234 non
1247 1193 1409 1234 servire.

479 1258 666 1300 Pecunia
694 1259 733 1300 si
759 1259 824 1316 uti
851 1258 969 1309 scias,
1001 1259 1155 1301 ancilla
1184 1261 1260 1310 est,
1289 1259 1327 1300 si
1354 1249 1524 1310 nescias,
1555 1260 1735 1301 domina.

478 1325 664 1367 Pecunia
693 1338 778 1366 non
804 1325 933 1366 satiat
960 1325 1199 1378 avaritiam,
1228 1325 1299 1367 sed
1325 1325 1485 1367 inritat.

479 1391 702 1434 Putandus
729 1394 787 1433 cst
813 1394 916 1433 recte
940 1391 1089 1444 fortior
1118 1392 1190 1444 qui
1207 1392 1456 1446 cupiditates
1484 1405 1610 1445 quam
1629 1392 1702 1445 qui
1732 1391 1862 1433 hostes

1155 1458 1313 1500 subicit.

402 1530 455 1566 >O
486 1524 639 1566 Peiora
666 1527 765 1566 sunt
791 1527 891 1566 tecta
921 1524 1017 1565 odia
1047 1537 1171 1577 quam
1201 1527 1357 1578 aperta.

478 1590 708 1644 Propterea
744 1593 780 1632 te
816 1591 966 1643 loquax
985 1591 1195 1635 inimicus
1222 1591 1361 1632 minus
1390 1604 1515 1644 quam
1544 1591 1775 1633 taciturnus
1802 1591 1861 1644 of-

1153 1657 1296 1710 fendit.

486 1723 732 1765 Proximum
768 1723 821 1765 ab
858 1724 1093 1766 innocentia
1134 1726 1238 1765 tenet
1273 1724 1402 1766 locum
1444 1707 1670 1767 verecunda
1705 1725 1863 1778 peceati

1156 1790 1362 1842 confessio.

367 1949 540 1977 comens
563 1951 596 1975 v.
616 1938 857 1976 436—449:
878 1940 916 1975 F
932 1938 1011 1987 (T),
1042 1938 1338 1991 ProverbaPRF
1354 1938 1461 1986 (EC),
1481 1938 1526 1975 M

365 2033 422 2063 tur
442 2028 546 2063 citius
567 2028 614 2074 F,
637 2027 695 2064 ubi
716 2039 838 2064 omnes
859 2033 1024 2076 peccaut,
1053 2038 1135 2075 spes
1156 2027 1320 2076 querelae
1340 2026 1511 2074 (medelae
1530 2026 1747 2074 Froehlich)
1767 2027 1862 2064 tolli·

363 2088 420 2118 tur
434 2083 474 2119 T.
500 2083 560 2130 Cf.
571 2096 602 2121 v.
613 2083 707 2121 435.
738 2080 880 2120 'Omnes
897 2094 975 2120 cum
991 2084 1140 2131 peccant
1150 2083 1301 2129 occulte,
1311 2083 1457 2132 peccant
1469 2083 1599 2119 iterum
1613 2084 1719 2119 citius
1728 2082 1863 2130 Meyer

475 2138 527 2175 36
558 2149 667 2174 unum
689 2150 731 2175 cx
752 2150 854 2187 prop.
878 2139 980 2175 Vinc.
991 2139 1038 2175 B.
1046 2150 1103 2186 sp.
1115 2140 1148 2176 d.
1159 2138 1199 2186 4,
1213 2138 1305 2185 106,
1322 2149 1429 2175 unum
1451 2150 1535 2186 sup.
1550 2150 1628 2175 scr.
1644 2138 1700 2175 vel
1719 2137 1811 2174 aliud
1828 2137 1866 2174 E

473 2205 514 2229 ex
536 2194 631 2241 negl.
653 2194 709 2230 vel
730 2194 921 2242 fragilitate
941 2195 979 2230 F
1088 2194 1140 2231 37
1170 2194 1218 2242 pl.
1239 2204 1324 2230 vero
1345 2199 1441 2230 metu
1471 2194 1577 2231 Vino.
1599 2205 1653 2241 sp.
1671 2195 1705 2230 d.
1722 2193 1762 2238 4,
1781 2193 1859 2231 106

473 2248 525 2285 38
557 2249 720 2296 profecto
750 2249 838 2285 tales
858 2250 932 2285 FE
961 2250 1060 2286 Vino.
1089 2249 1136 2296 4,
1159 2249 1258 2286 106:
1289 2249 1454 2297 prosectu
1481 2249 1568 2286 tales
1596 2250 1652 2296 R,
1679 2247 1861 2297 profectus

364 2303 442 2339 talis
459 2304 494 2340 P
623 2304 675 2341 39
706 2301 895 2355 deliberes]
917 2304 1105 2353 providere
1125 2303 1232 2341 debes
1265 2305 1366 2341 Vino.
1389 2305 1434 2341 B.
1457 2315 1514 2351 sp.
1536 2306 1572 2342 d.
1591 2304 1632 2350 4,
1655 2304 1732 2341 175

363 2354 421 2408 ut]
442 2364 477 2395 et
497 2359 540 2395 M
559 2358 611 2396 25
715 2355 812 2409 cum]
838 2360 933 2407 quod
966 2360 1068 2397 Vinc.
1183 2359 1234 2396 41
1267 2356 1434 2410 propter]
1456 2365 1597 2408 practer
1615 2360 1646 2396 L
1738 2361 1862 2396 contra

364 2415 476 2451 amico
497 2415 566 2451 PR
706 2414 759 2452 43
789 2414 843 2451 44
872 2415 916 2452 M
934 2415 989 2453 30
1135 2411 1380 2466 dilectionem]
1402 2415 1656 2464 indulgentiam
1675 2414 1718 2452 M

363 2468 416 2506 45
448 2469 561 2507 M34
674 2469 727 2508 46
758 2470 872 2508 M58
992 2470 1044 2508 47
1074 2471 1223 2519 pecunia
1243 2471 1345 2508 FEC
1374 2471 1475 2508 Vinc
1494 2471 1541 2508 B.
1563 2469 1738 2518 sp.d.4‚
1761 2467 1860 2506 144:

362 2526 546 2572 pecuniam
567 2525 637 2562 PR
769 2527 903 2563 nescias
923 2527 1050 2564 PRE:
1070 2527 1184 2563 nescis
1205 2527 1243 2563 F
1270 2527 1373 2564 Vinc.
1505 2525 1558 2563 48
1588 2526 1763 2562 avaritiam
1782 2523 1866 2562 ΒΜ

364 2580 463 2618 101:
494 2582 635 2617 avaritia
655 2581 708 2628 P,
737 2592 878 2618 avarum
898 2582 989 2629 ΓΕ,
1010 2592 1133 2618 aurum
1156 2582 1184 2619 0
1313 2581 1365 2618 49
1395 2581 1523 2628 Μ81,
1555 2581 1657 2618 Vino.
1678 2580 1726 2616 B.
1748 2590 1804 2627 sp.
1825 2581 1860 2638 ᾳ.

367 2635 407 2681 4,
433 2635 521 2672 144.
544 2636 583 2682 5,
606 2635 658 2673 25
798 2634 946 2687 subicit]
970 2638 1093 2674 vicerit
1123 2637 1224 2674 Vinc.
1247 2637 1285 2684 5,
1306 2636 1373 2684 25,
1393 2649 1444 2674 an
1464 2609 1620 2685 subigit?
1758 2624 1860 2683 qua'm

365 2692 424 2738 qui
446 2692 540 2728 MF:
572 2697 748 2740 tamquam
768 2693 895 2738 PRE,
925 2699 1003 2741 put.
1026 2698 1081 2729 est
1108 2693 1211 2729 sortis
1232 2694 1293 2741 qui
1319 2691 1446 2729 subicit
1470 2692 1550 2728 vitia
1571 2691 1670 2739 quasi
1691 2691 1812 2727 hostes
1834 2689 1866 2726 0

473 2747 538 2785 50.
569 2747 619 2784 51
654 2748 720 2785 EC
748 2748 851 2786 Vinc.
874 2749 921 2785 B.
944 2760 1002 2796 sp.
1025 2749 1060 2785 d.
1083 2747 1123 2794 4,
1148 2747 1240 2794 135,
1260 2748 1304 2785 M
1321 2747 1373 2785 52
1504 2746 1756 2795 perniciosiora
1777 2747 1858 2783 cod.

362 2802 488 2839 Paris.
510 2802 617 2840 4841
734 2804 813 2840 odia
834 2816 901 2841 om.
935 2805 1038 2841 Vinc.
1152 2798 1360 2852 propterea]
1381 2802 1501 2850 itaque
1520 2802 1563 2838 M
1674 2803 1800 2838 tacitus
1820 2801 1866 2838 M

474 2858 524 2894 52
555 2858 597 2894 ab
625 2859 825 2896 innocentia
846 2859 998 2897 PbRE:
1025 2858 1067 2895 ad
1096 2859 1331 2895 innocentiam
1353 2858 1391 2894 F
1417 2858 1516 2894 Vinc.
1540 2858 1585 2893 B.
1607 2864 1662 2904 sp.
1683 2858 1719 2894 d.
1742 2857 1787 2904 5,
1808 2854 1861 2894 22
