1956 3308
574 195 781 226 PUBLlLlI
812 196 915 226 svm
947 196 1252 228 SENTENTIAE.
1616 189 1677 231 95

160 307 247 333 Prov.
280 294 492 349 Optimum
529 298 587 338 est
621 309 780 350 semper
818 297 1045 350 iynoscere,
1089 301 1305 352 tamquam
1339 300 1378 340 si
1413 300 1500 353 ipse
1536 302 1680 342 cotidie

956 378 1109 419 pecces.

236 483 242 487 q
271 428 483 482 Optimum
518 433 576 472 est
603 431 814 473 maiorum
849 432 1021 486 vestiyia
1059 433 1196 485 sequi,
1234 433 1272 475 si
1310 436 1413 475 recte
1443 447 1678 487 praecesse-

698 534 700 536 ,
961 500 1060 540 rint.

269 562 417 605 Omnis
446 564 586 606 doctor
613 565 661 607 in
690 566 800 607 vita-e
827 566 990 608 ratione
1012 579 1191 619 peccans
1219 569 1382 621 turpior
1411 571 1480 622 est,

182 634 235 672 35
269 630 329 672 Ob
362 631 437 673 hoc
466 633 577 684 quod
603 633 650 674 in
681 633 829 687 officio,
861 634 980 675 cuius
1007 635 1205 687 mayv'ster
1233 647 1317 676 esse
1344 635 1443 686 vult,
1475 635 1642 678 labitur.

265 698 418 740 Omnis
450 697 652 755 voluptas
683 713 995 756 quemeumque
1023 700 1170 742 arrisit
1199 708 1341 743 nocet.

266 765 470 807 Officium
502 765 696 807 benivoli
725 767 859 808 animi
888 765 1017 808 finem
1046 782 1133 810 non
1162 767 1307 811 habet.

266 832 305 875 Ο
335 833 428 875 vita
457 834 615 876 misero
646 832 790 889 longa,
821 833 939 876 felici
968 834 1138 876 brevis!
1608 888 1614 895 ἱ

264 899 514 955 'Obiurgari
545 901 590 941 in
620 899 869 942 calamitate
897 902 1078 957 gremius
1109 908 1176 944 est
1205 917 1332 959 quam
1363 902 1600 945 calamitas.

154 971 238 1009 440
267 966 306 1008 O
337 966 463 1009 dulce
491 973 767 1021 tormentum,
798 967 875 1009 ubi
906 969 1155 1024 reprimitur
1182 968 1409 1025 gaudium!

271 1034 432 1076 Omnes
462 1049 600 1091 aequo
631 1035 775 1077 animo
805 1042 972 1092 parent,
1003 1035 1080 1078 ubi
1111 1037 1235 1092 digni
1264 1037 1490 1094 imperant.

268 1101 423 1144 Occidi
453 1108 519 1144 est
548 1101 792 1158 pulchrum,
822 1103 1108 1158 ignominiose
1137 1103 1212 1146 ubi
1242 1106 1421 1146 servias.

270 1170 308 1212 O
338 1171 518 1212 tacitum
547 1175 807 1212 tormentum
837 1171 971 1213 animi
1002 1171 1284 1214 conscientia!

271 1235 460 1294 ‘Optime
496 1238 684 1294 positum
723 1238 789 1279 est
827 1237 1106 1293 beneficium,
1144 1238 1220 1280 ubi
1257 1240 1348 1280 eius
1378 1241 1573 1282 meminit
1602 1241 1677 1297 qui

958 1307 1132 1363 accipit.
1213 1310 1216 1313 ’

152 1375 234 1413 445
266 1371 536 1428 Obsequium
568 1377 730 1429 nuptae
761 1373 847 1414 cito
876 1373 926 1414 fit
955 1373 1101 1416 odium
1130 1373 1324 1431 paelicis.

268 1439 452 1481 Oceasio
482 1447 682 1496 receptus
713 1435 916 1481 difficiles
946 1439 1091 1482 habet.

266 1506 304 1548 O
334 1507 571 1563 pessimum
602 1506 826 1564 periclum,
858 1514 1055 1564 opertum
1085 1508 1200 1565 quod
1230 1508 1354 1550 latet!

264 1574 440 1628 Omnes,
471 1589 568 1616 eum
598 1574 767 1617 occulte
795 1582 992 1631 peceant,
1022 1583 1201 1633 peceant
1230 1577 1364 1618 ocius.

152 1770 328 1798 comens
350 1771 380 1796 v.
403 1759 646 1798 436—449:
672 1760 709 1796 F
726 1759 792 1810 (T)

158 1849 239 1897 PR,
261 1849 345 1886 odio
368 1856 513 1898 oportet
535 1855 573 1885 ut
595 1849 726 1886 bonum
748 1851 786 1886 F
914 1861 991 1898 pec.
1016 1850 1217 1888 terriculam
1238 1862 1310 1888 non
1342 1851 1447 1888 Vinc.
1576 1857 1674 1888 metu

157 1907 195 1942 F
307 1906 359 1942 32
390 1907 492 1943 Ptin.
516 1909 623 1953 epist.
646 1906 694 1952 8,
716 1906 790 1952 22,
814 1906 837 1942 2
866 1904 1055 1954 ‘optimum
1084 1908 1247 1943 existimo
1274 1909 1334 1955 qui
1354 1908 1482 1944 ceteris
1503 1908 1550 1943 ita
1571 1908 1674 1956 igno—

106 1980 122 1991 κ
152 1964 235 2010 seit,
258 1969 436 2010 tamquam
458 1963 535 2011 ipse
556 1962 689 1998 cotidie
710 1963 864 2010 peccet'.
990 1965 1019 1999 si
1040 1963 1180 2000 PREG
1209 1964 1310 2000 Vinc.
1333 1964 1380 2000 B.
1403 1974 1459 2010 sp.
1480 1965 1516 2000 d.
1537 1962 1577 2010 4,
1600 1963 1670 2000 68:

149 2031 220 2055 om.
245 2019 283 2054 F
300 2018 448 2055 Plinius
563 2018 615 2055 33
658 2019 762 2055 Vinc.
785 2019 832 2055 B.
856 2029 912 2065 sp.
934 2021 968 2055 ct.
991 2020 1030 2065 5,
1047 2020 1098 2056 37
1215 2019 1268 2056 34
1311 2020 1413 2056 Vinc.
1436 2020 1482 2056 B.
1503 2030 1561 2066 sp.
1579 2021 1614 2055 cl.
1631 2020 1671 2065 5,

150 2075 203 2112 56
233 2075 348 2110 omnis
372 2102 380 2111 .
406 2103 414 2110 .
439 2101 447 2110 .
469 2074 599 2110 labitur
733 2075 784 2112 35
817 2074 893 2110 vult
924 2087 991 2112 om.
1015 2076 1050 2112 R
1171 2075 1252 2112 436
1283 2086 1562 2124 quamcumque,
1590 2078 1612 2111 i.
1639 2086 1671 2111 e.

151 2136 497 2178 quantumcumque
525 2133 623 2167 coni.
654 2130 767 2178 Casp.
801 2131 936 2177 Orelli,
966 2143 1017 2168 an
1046 2131 1280 2180 cuicumque?
1394 2131 1474 2168 437
1506 2130 1669 2167 benevoli

149 2188 316 2224 editores
430 2186 512 2224 438
545 2187 694 2223 Seneca
717 2192 885 2223 controv.
908 2187 930 2223 7
954 2187 1029 2234 (3),
1055 2189 1126 2234 18,
1153 2199 1190 2233 p.
1214 2187 1316 2234 206,
1341 2187 1390 2224 19
1418 2187 1538 2224 Burs.
1558 2189 1672 2234 Apol-

148 2246 276 2281 lonius
295 2255 358 2290 ap.
382 2243 531 2280 Stobae.
571 2245 686 2291 floril.
714 2242 814 2290 121,
837 2243 888 2280 34
916 2236 1064 2291 βραχὺς
1093 2235 1111 2278 ὁ
1141 2242 1226 2292 βίος
1253 2236 1458 2293 ἀνθρώπῳ
1486 2234 1530 2279 εὖ
1553 2239 1671 2290 πράτ-

146 2310 277 2342 τοντι,
308 2297 564 2347 ὸυςτυχοῦντί
593 2294 635 2335 δὲ
662 2295 814 2347 μακρός
928 2301 998 2336 vita
1020 2327 1030 2336 .
1053 2326 1061 2335 .
1084 2300 1190 2349 ionga
1213 2328 1222 2336 .
1247 2326 1255 2335 .
1276 2299 1393 2336 brevis
1423 2300 1591 2337 Seneca.-
1621 2300 1671 2335 vi-

147 2362 219 2392 tam
241 2383 250 2391 .
274 2384 281 2392 .
304 2356 450 2404 longam
472 2383 480 2391 .
504 2383 512 2390 .
534 2354 678 2392 brevem
698 2357 746 2402 F,
769 2356 823 2402 cf.
844 2369 877 2393 v.
899 2355 982 2393 443
1115 2355 1197 2393 439
1230 2356 1289 2403 Cf.
1312 2368 1344 2392 v.
1366 2356 1432 2393 86.
1457 2355 1535 2391 124

147 2411 331 2460 obiurgari
352 2413 399 2456 F,
421 2413 550 2448 Bentt.
572 2422 624 2449 ex
645 2412 892 2449 Coniectura.-
923 2411 1114 2460 obiurgare
1140 2412 1183 2459 T,
1206 2412 1349 2448 Gruter
1474 2412 1618 2460 gravior
1642 2412 1674 2447 T

259 2467 343 2505 440
371 2464 395 2489 ’¹⁵
417 2467 496 2504 ubi:
518 2478 633 2516 aequo
657 2467 715 2503 ubi
739 2468 785 2514 F,
814 2474 1038 2515 corruptum
1060 2478 1112 2504 ex
1134 2480 1165 2505 v.
1188 2467 1290 2512 4413
1322 2473 1425 2504 torm.
1450 2478 1470 2503 o
1499 2467 1531 2503 d.
1554 2478 1669 2515 aequo

147 2523 207 2560 ubi
234 2525 356 2572 vulyo.
400 2525 449 2560 At
470 2524 525 2572 cf.
557 2536 589 2560 v.
612 2523 706 2562 438.
730 2522 824 2560 443.
847 2523 941 2560 447.
1090 2523 1167 2560 441
1202 2523 1261 2559 ubi
1291 2523 1422 2572 diguus
1451 2524 1599 2571 imperat
1625 2523 1666 2568 T,

150 2582 251 2618 unde
270 2583 440 2617 conicias
460 2580 592 2629 dignus
615 2578 672 2615 uhi
693 2580 859 2628 imperat,
881 2579 980 2628 digni
1001 2579 1058 2616 ubi
1083 2580 1226 2616 Gruter
1310 2579 1391 2615 442
1423 2590 1456 2615 o.
1480 2578 1667 2626 pulchrum

147 2642 205 2672 est
227 2636 285 2673 ubi
307 2637 549 2686 ignominiose
569 2647 600 2672 s.
622 2636 670 2682 F,
692 2637 904 2673 emendavit
926 2637 968 2672 G.
991 2636 1126 2683 Meyer
1249 2635 1411 2671 occidere
1434 2635 1556 2671 Bothe

146 2703 180 2739 p.
204 2691 266 2729 ubi
285 2704 366 2730 cum
389 2693 585 2742 ignominia
606 2704 633 2727 S.
658 2692 802 2728 Gruter
914 2691 996 2729 443
1028 2692 1086 2739 Cf.
1110 2704 1141 2728 v.
1166 2692 1246 2728 683
1361 2690 1442 2727 444
1472 2691 1548 2726 eius
1571 2692 1667 2727 Gru-

148 2753 234 2784 ter.-
264 2760 334 2786 om.
356 2750 404 2796 F,
427 2748 487 2785 ubi
508 2749 567 2797 qui
590 2748 716 2796 accipit
738 2748 937 2784 meminerit
959 2748 1090 2784 Bothe.
1133 2747 1192 2794 Cf.
1216 2759 1248 2784 v.
1273 2746 1351 2783 624
1485 2745 1566 2783 445
1598 2746 1668 2782 sert

149 2804 277 2842 Bothe
422 2805 503 2842 447
535 2804 709 2853 periclum
735 2805 896 2841 Gruter.-
925 2803 1122 2851 pericnlum
1143 2804 1181 2839 F
1321 2800 1344 2823 *
1365 2807 1529 2850 opertum
1551 2802 1666 2850 quod:

152 2859 250 2909 quod
272 2865 439 2910 opertum
460 2862 499 2898 F
637 2859 718 2897 448
749 2856 772 2881 *
793 2871 872 2896 cum
895 2871 929 2896 ο.
951 2871 986 2908 p.
1010 2865 1157 2908 peccant
1178 2860 1298 2895 ocius:
1329 2869 1408 2895 cum
1429 2870 1464 2907 p.
1488 2869 1521 2894 o.
1542 2869 1667 2907 pacan-
