1956 3308
729 248 1095 283 P'ROLEGOMENA.
1622 246 1679 289 59

64 353 86 366 ”
151 350 230 405 tis,
267 356 317 394 ut
351 345 434 393 hac
462 365 635 409 quoque
665 351 720 394 (16
749 366 880 396 causa
910 367 1062 398 versus
1092 369 1119 397 a
1148 354 1337 399 Grutero
1369 371 1426 400 ex
1454 358 1676 402 codicibus

150 417 367 462 Palatinis
396 424 597 476 receptus

381 551 387 557 ,
451 511 627 554 Gemitus
655 516 802 555 dolores
829 517 988 562 indicat,
1017 529 1100 557 non
1127 519 1311 565 vindicat,

0 633 2 664 ὲ
59 590 90 642 ς’,
151 606 178 642 a
206 599 395 650 Publilio
431 600 750 645 abiudicandus
782 604 852 645 sit.
911 604 1104 646 Maxime
1139 619 1244 654 ,vero
1275 605 1515 649 delectatur
1542 608 1676 663 gemi-

0 700 1 712 ,
69 671 75 683 ”
142 668 340 724 natione,
369 674 419 711 ut
448 668 566 711 idem
595 670 857 714 vocabulum·
887 671 954 714 bis
986 672 1190 731 deinceps
1221 680 1418 730 ponatur.
1479 674 1571 717 Cfr.

428 779 450 812 3
479 773 652 815 Animus
678 777 802 815 vereri·
829 779 898 825 qui
924 779 1006 823 seit,
1035 780 1105 817 seit
1133 782 1218 818 tuta
1246 780 1407 829 inyredi.

342 833 346 836 ⁴
381 848 448 880 216
477 844 605 882 Homo
633 855 746 892 saepe
773 844 899 892 fertur
926 847 973 884 in
1000 846 1120 891 aliud,
1151 847 1260 886 aliud
1289 849 1437 896 coyitat.

381 915 448 948 412
477 910 572 950 Non
598 924 747 960 semper
775 924 912 952 aurem
938 913 1093 960 facilem
1120 914 1290 961 facilitas
1318 915 1439 954 habet.

376 983 446 1015 ’463
475 980 557 1019 Pro
586 981 778 1019 medicina
807 984 860 1019 est
889 982 1006 1026 dolor,
1037 982 1203 1020 dolorem
1231 983 1298 1030 qui
1327 986 1447 1021 necat.

379 1051 448 1084 524
477 1048 554 1097 Qui
582 1049 687 1086 timet
716 1050 898 1094 amicum,
928 1052 1076 1088 amicus
1105 1053 1149 1088 ut
1177 1051 1308 1089 timeat
1337 1051 1450 1089 docet.

379 1119 444 1151 541
477 1115 554 1165 Qui
575 1119 666 1164 pote
694 1117 814 1155 celare
843 1118 992 1164 vitium,
1022 1119 1160 1156 vitium
1188 1130 1269 1156 non
1297 1117 1404 1164 facit.

150 1226 261 1270 quae
295 1211 466 1255 librarii
503 1212 705 1270 pluribus
743 1213 851 1258 locis
888 1215 1227 1273 transpositione
1257 1214 1490 1257 verborum
1520 1215 1674 1257 obscu-

149 1285 371 1323 raverunt.
431 1280 500 1323 Cf.
540 1295 584 1322 v.
614 1281 656 1325 4.
677 1282 854 1336 infirma
888 1284 1037 1338 firma,
1079 1283 1160 1325 179
1189 1283 1332 1337 perdit
1358 1284 1551 1336 perdere,
1593 1282 1677 1324 224

144 1362 305 1403 parcas
331 1362 512 1403 pareas,
557 1348 639 1391 291
676 1350 814 1393 valere
849 1351 1007 1402 valeat,
1054 1350 1138 1393 340
1175 1351 1318 1393 multis
1355 1351 1514 1402 multis,
1563 1352 1677 1404 cupit

150 1409 282 1472 eupit,
319 1416 404 1459 584
430 1431 553 1471 posse
582 1419 737 1472 possit,
777 1424 820 1460 et
857 1433 900 1460 V.
945 1419 1047 1472 138,
1087 1419 1125 1460 si
1162 1432 1268 1459 vera
1306 1424 1373 1460 est
1413 1418 1674 1471 coniectura,

152 1485 356 1528 amissum
393 1487 614 1528 amittitur.
673 1485 920 1543 Aliquoties
964 1492 1110 1529 tamen
1147 1476 1311 1527 factum
1349 1491 1434 1540 est,
1478 1491 1527 1527 ut
1570 1484 1674 1528 haec

149 1547 289 1608 figura
317 1553 446 1595 metri
474 1554 726 1602 necessitati
757 1553 952 1608 cederet,
990 1553 1112 1596 velut
1142 1569 1185 1596 V.
1215 1554 1272 1596 50
1300 1555 1429 1596 emori
1457 1554 1584 1613 mori,
1620 1553 1675 1595 66

149 1621 409 1663 interimitur
430 1622 555 1676 perit,
587 1621 670 1664 598
700 1623 843 1664 timere
872 1625 1043 1665 metuas.
1103 1621 1159 1663 In
1178 1621 1261 1664 hoc
1280 1627 1370 1662 tam
1391 1621 1553 1676 insigni
1575 1635 1673 1662 con-

151 1688 375 1730 cinnitatis
413 1679 559 1732 studio
596 1689 691 1730 fieri
728 1690 806 1731 vix
844 1690 1008 1746 potuit,
1047 1696 1095 1732 ut
1131 1687 1346 1731 Publilius
1387 1703 1428 1730 v,
1466 1688 1520 1730 33
1557 1686 1675 1729 nulla

31 1747 45 1768 θ’
110 1806 113 1808 s
150 1756 392 1798 tetrametri
430 1755 527 1812 lege
562 1757 798 1814 impeditus
830 1756 1031 1805 maluerit
1062 1756 1250 1799 scribere
1280 1759 1486 1810 quantum
1515 1756 1671 1806 melior,

150 1826 266 1866 tanto
295 1825 481 1878 nequior.

118 1946 123 1951 .
264 1891 374 1934 Cum
394 1891 576 1934 Publilii
607 1893 850 1948 sententiae
880 1908 958 1949 pro
989 1893 1105 1935 vitae
1135 1893 1378 1950 praeceptis
1400 1891 1486 1933 sint
1511 1890 1672 1932 haben-

116 1964 126 1969 ”
150 1957 254 2013 dae,
283 1960 595 2020 gravissimum
625 1961 708 2003 erit
738 1962 972 2018 inquirere,
1003 1975 1088 2018 qua
1117 1959 1325 2003 orationis
1355 1959 1495 2002 forma
1523 1959 1568 2000 in
1597 1958 1671 2000 ad-

110 2026 367 2078 „monendo
388 2042 500 2081 rusus
530 2028 602 2070 sit.
660 2028 863 2084 Magistri
894 2028 1069 2070 virtutis
1098 2034 1163 2070 est
1183 2042 1278 2069 cum
1300 2026 1455 2069 docere
1475 2025 1581 2082 quid
1601 2026 1672 2079 sit,

150 2100 244 2137 tum
278 2095 530 2153 praecipere
567 2111 679 2153 quae
715 2096 861 2138 facere
889 2095 1137 2138 debeamus.
1196 2091 1385 2137 Docenti
1414 2099 1461 2135 ut
1491 2099 1556 2134 est
1584 2107 1671 2134 ma-

149 2162 268 2205 xime
307 2170 642 2206 consentaneum
676 2164 741 2206 uti
780 2163 908 2206 modo
946 2162 1184 2205 indicativo
1194 2162 1260 2217 ²¹⁶),
1305 2163 1365 2204 ita
1408 2160 1671 2213 exhortanti,

149 2235 276 2287 prout
304 2228 503 2285 libuerit,
539 2238 615 2274 aut
643 2232 902 2290 imperativo
939 2237 1015 2273 aut
1050 2230 1267 2287 praesenti
1302 2228 1567 2270 coniunctivi
1596 2233 1672 2268 aut

149 2296 295 2340 futu‘ro
333 2297 566 2340 indicativi
603 2300 667 2342 uti
703 2299 820 2342 licet.
881 2297 968 2342 Sed
1009 2298 1357 2355 imperativo)
1397 2296 1497 2352 quia
1533 2295 1670 2352 poetis

29 2354 41 2360 ¹
74 2362 77 2366 ’
146 2363 394 2422 imperandi
422 2366 490 2409 ius
520 2367 664 2409 minus
688 2367 946 2424 permissum
968 2372 1047 2421 est,
1078 2364 1273 2408 consulto
1293 2364 1504 2406 abstinuit
1524 2360 1671 2404 Publi-

150 2430 233 2474 lius
265 2438 448 2490 excepto
477 2448 563 2476 uno
593 2449 725 2477 versu
752 2435 833 2477 261

383 2539 387 2546 ·
437 2567 450 2577 s
474 2528 544 2568 Ita
569 2527 679 2568 'erede
708 2530 844 2573 amieo,
874 2540 923 2566 ‘ne
951 2529 1001 2566 sit
1032 2528 1186 2566 inimico
1215 2527 1330 2571 locus,

146 2612 224 2656 ubi
260 2614 588 2658 coniunctivum
625 2616 765 2670 magis
798 2629 853 2656 ex
881 2629 964 2656 usu
994 2613 1220 2670 scriptoris
1256 2626 1350 2653 esse
1379 2611 1543 2652 librarii
1574 2609 1668 2650 Fri-

107 2736 110 2740 ·
147 2681 294 2737 gensis
322 2680 471 2739 lapsus
494 2679 675 2739 (credas)
698 2683 804 2724 satis
835 2681 1040 2736 ostendit,
1071 2695 1151 2722 nec
1181 2679 1372 2737 profecto
1400 2678 1462 2720 ita
1482 2676 1668 2719 scribere
1703 2723 1711 2729 ι

239 2828 276 2872 *)
300 2830 405 2864 Unus
431 2834 489 2864 est
512 2841 651 2868 versus,
677 2831 714 2862 in
740 2840 810 2872 quo
835 2832 945 2872 poeta
969 2828 1086 2871 prima
1110 2838 1266 2871 persona
1291 2836 1378 2859 usus
1395 2825 1439 2859 de
1457 2828 1573 2859 semet
1590 2825 1668 2868 ipso

146 2874 326 2928 loquitur,
359 2888 424 2920 146
449 2884 548 2920 Deos
577 2883 698 2919 'ridere
728 2883 853 2926 credo,
884 2893 966 2918 cum
996 2882 1088 2925 felix
1117 2884 1231 2924 vocet,
1263 2887 1426 2916 ceterum
1457 2892 1479 2915 a
1503 2881 1669 2915 codicum

143 2942 374 2976 auctoritate
398 2953 525 2985 parum
552 2941 840 2976 commendatus.
