1956 3308
680 193 1046 224 PROLEGOMENA.
1573 183 1628 225 39

104 295 328 339 caecilium
365 293 566 336 Balbum.
627 293 686 336 Et
727 301 775 337 ut
818 309 949 352 supra
986 309 1042 336 ex
1081 294 1290 337 Cicerone
1334 308 1386 335 ac
1422 293 1628 337 Sallustio

103 363 274 420 singula
308 362 521 420 quaedam
557 363 722 405 inserta
761 363 896 405 fuisse
927 362 1141 418 vidimus,
1179 363 1242 404 ita
1269 361 1413 404 nullus
1443 361 1533 403 fere
1564 367 1628 403 est

102 433 215 475 inter
243 436 411 473 veteres
442 431 692 488 scriptores,
725 431 848 472 cuius
878 444 965 473 non
994 431 1141 487 aliqua
1172 436 1289 472 certe
1319 430 1535 473 sententia
1563 430 1626 471 in-

94 499 281 542 fluxisse
308 498 448 556 possit
478 498 525 540 in
554 498 665 540 hanc
694 497 868 540 foedam
897 497 1114 555 paludem.
1175 497 1297 551 Quid
1328 497 1443 555 quod
1472 497 1625 539 Fabri-

103 567 195 612 cius
225 572 265 608 ‘e
292 566 603 623 manuscripto'
634 565 746 607 hanc
776 565 917 608 edidit
947 566 1232 608 sententiam:

372 672 512 711 Ferme
539 671 723 721 suadendo
753 673 798 710 in
825 672 953 710 media
981 671 1067 718 fata
1097 672 1324 716 incurritur,

103 771 187 814 huc
215 769 404 813 delatam
435 784 491 812 ex
519 769 649 812 Livio
671 769 712 823 8,
734 769 803 823 24,
825 769 874 823 43
899 768 1022 826 quod
1051 769 1097 810 in
1127 768 1276 811 codice
1297 769 1496 810 Parisino
1517 768 1627 810 8027

99 834 357 881 'Bactrorum
394 837 675 895 proverbium
712 837 886 894 irrepsit
923 837 1038 878 inter
1068 837 1304 878 sententias
1335 835 1625 877 Publilianas:

113 907 266 950 Verum
295 909 354 948 est
381 919 526 948 canem
555 907 750 948 timidum
779 905 1055 947 vehementius
1085 905 1243 947 latrare
1272 918 1401 957 quam
1428 904 1626 955 mordere,

8 986 32 1022 {2
103 978 141 1018 et
168 975 375 1017 altissima
405 988 592 1028 quaeque
619 974 802 1027 flumina
831 987 916 1015 uno
944 973 1046 1015 solio
1068 971 1172 1028 (leg.
1194 973 1368 1014 minimo
1387 971 1506 1027 sono)
1529 971 1626 1022 labi,

105 1057 128 1084 e
163 1041 312 1085 Curtio
344 1042 390 1096 7,
420 1041 470 1095 4,
505 1041 556 1083 13
592 1039 708 1083 male*
741 1040 827 1083 huc
862 1046 1119 1095 retractum3
1164 1039 1280 1096 quod
1320 1039 1394 1096 qui
1432 1039 1628 1081 codicem

103 1108 361 1163 Parisinum‘
387 1109 499 1151 8049
536 1108 611 1164 (C)
652 1108 847 1164 scripsit,
894 1108 1207 1150 sententiarum
1242 1121 1468 1149 numerum
1505 1106 1630 1148 auxit

103 1178 159 1220 ad
189 1177 276 1219 duo
305 1175 427 1218 milia
457 1175 534 1232 (cf.
557 1190 687 1232 supra
717 1190 789 1233 pg.
815 1175 901 1232 19),
933 1181 1124 1217 ceterum
1153 1175 1199 1217 in
1228 1174 1308 1217 hoc
1335 1189 1361 1216 a
1381 1173 1533 1216 fraude
1554 1188 1627 1215 va-

104 1260 224 1300 cuus,
255 1244 371 1302 quod
400 1258 480 1286 nec
499 1243 682 1295 Publilii
710 1257 790 1284 nec
816 1242 1006 1285 Senecae
1034 1256 1193 1284 nomen
1222 1241 1436 1298 praefixit.
1485 1239 1627 1282 Huius

66 1371 70 1373 Β
104 1313 367 1356 confusionis
397 1318 446 1354 ut
474 1310 653 1368 aliquod
684 1317 854 1353 extaret
882 1315 1222 1363 monumentum,
1255 1307 1383 1351 simul
1411 1323 1467 1349 ne
1486 1307 1563 1350 alii
1583 1308 1629 1349 in

6 1374 49 1425 Ῐ
104 1380 278 1424 eosdem
308 1394 476 1424 errores
506 1380 663 1422 iterum
684 1378 941 1432 inciderent,
971 1378 1028 1420 ad
1050 1377 1211 1419 calcem
1232 1375 1436 1419 editionis
1457 1381 1629 1417 nostrae

105 1448 321 1491 edidimus
350 1454 566 1491 trecentas
596 1448 689 1489 fere
719 1446 957 1489 sententias
988 1445 1044 1487 ab
1068 1444 1316 1487 <editoribus
1348 1445 1442 1486 sive
1467 1452 1529 1485 'ex
1558 1458 1627 1485 co-

105 1516 274 1560 dicibus
305 1515 578 1573 interpolatis
611 1516 704 1558 sive
735 1529 791 1556 ex
821 1514 928 1571 ipsis
958 1512 1209 1556 auctoribus
1240 1512 1447 1554 Romanis
1478 1509 1626 1553 Publi-

105 1584 232 1627 lianis
263 1583 373 1626 falso
402 1584 636 1626 admixtas.
695 1581 817 1635 Quas
849 1582 932 1624 etsi
961 1596 1048 1623 ncn
1077 1595 1225 1623 omnes
1255 1580 1507 1622 auctoribus
1537 1578 1628 1620 suis

104 1651 287 1694 reddere
317 1652 514 1707 contigit,
546 1651 651 1693 satis
680 1650 818 1692 firmis
848 1655 994 1692 tamen
1024 1647 1327 1705 comprobasse
1346 1646 1455 1689 mihi
1475 1645 1629 1688 videor

27 1755 32 1780 :-
104 1721 390 1776 argumentis,
431 1719 745 1762 sententiarum
782 1718 827 1759 in
863 1717 1178 1759 recentioribus
1209 1721 1376 1758 tantum
1406 1713 1628 1757 codicibus

24 1837 31 1845 ⁹
104 1794 373 1831 servatarum
401 1786 564 1829 nullam
595 1801 770 1844 prorsus
802 1799 896 1828 esse
925 1786 1238 1827 auctoritatem.

216 1856 263 1912 3)
293 1855 443 1898 Tertio
483 1854 577 1897 loco
620 1853 921 1896 disserendum
965 1852 1048 1894 erit
1092 1851 1153 1893 de
1196 1852 1267 1893 iis
1312 1850 1627 1904 sententiis,

76 1915 235 1982 ⁴quae
271 1923 550 1980 incipiunt
586 1937 612 1963 a
648 1921 855 1963 litteris
885 1919 1052 1975 A—N,
1091 1933 1334 1976 quaeque
1370 1918 1423 1959 in
1461 1918 1625 1960 omni-

17 1990 39 2044 ³]
87 1992 200 2040 „bus
233 1991 516 2034 codicibus
547 1986 755 2043 extant,
786 1988 833 2030 id
854 1994 920 2030 est
941 1988 995 2029 de
1016 1987 1217 2029 versibus
1242 1986 1379 2028 1—34
1399 1985 1495 2040 (A),
1516 1985 1624 2026 44—

105 2060 159 2103 78
191 2059 296 2116 (Β),
335 2057 531 2101 85—105
562 2057 662 2113 (C),
705 2055 926 2098 123-—138
958 2054 1065 2110 (D),
1101 2053 1321 2096 147-162
1351 2052 1456 2108 (Ε),
1491 2051 1623 2094 166-

107 2127 188 2170 192
218 2126 315 2181 (F),
348 2124 571 2168 194-202
602 2123 698 2180 (G),
729 2122 954 2166 203—223
986 2121 1085 2177 (H),
1115 2120 1339 2164 230—263
1369 2119 1457 2175 (Ι),
1488 2119 1629 2167 291—

105 2195 186 2238 301
218 2195 312 2251 (L),
343 2192 569 2236 309—349
599 2192 715 2248 (M),
747 2190 972 2233 377—386
1004 2189 1110 2246 (N).

219 2261 319 2314 Qua
355 2275 411 2303 ex
448 2274 579 2302 causa
617 2259 875 2312 sententias,
917 2258 972 2300 de
1007 2256 1164 2314 quibus
1194 2255 1323 2298 modo
1354 2254 1520 2296 dictum
1549 2260 1627 2307 est,

1 2331 5 2378 ἒ
106 2344 251 2372 omnes
282 2344 308 2371 a
327 2327 517 2371 Publilio
547 2325 862 2369 abiudicandas
895 2340 989 2368 esse
1010 2324 1270 2378 censuimus,
1303 2338 1359 2364 ex
1379 2322 1530 2364 eadem
1550 2321 1627 2363 has

0 2435 2 2440 ,
23 2420 30 2448 χ
105 2412 251 2441 omnes
274 2397 314 2439 ei
334 2395 624 2438 vindicandas
648 2408 742 2438 esse
764 2408 1018 2451 persuasum
1037 2392 1164 2435 nobis
1186 2398 1264 2434 est.
1311 2390 1373 2432 Ut
1394 2390 1508 2431 enim
1528 2388 1627 2431 illac

105 2465 352 2523 pedestrem
382 2464 621 2506 orationem
649 2461 860 2515 redolent,
891 2462 953 2503 ita
982 2460 1063 2503 hae
1092 2466 1167 2502 aut
1197 2459 1285 2500 leni
1314 2456 1483 2500 medela
1502 2455 1625 2498 adhi-

106 2533 198 2581 bita
235 2532 446 2575 iambicos
484 2527 555 2573 vel
593 2529 836 2573 trochaicos
876 2528 1053 2586 explent
1090 2541 1311 2579 numeros,
1348 2531 1424 2567 aut
1460 2523 1624 2566 auxilio
1685 2559 1691 2565 .

106 2601 256 2644 critico
285 2615 341 2643 ne
369 2599 570 2656 indigent
600 2598 796 2656 quidem3
827 2612 879 2639 ac
908 2597 1019 2638 sicut
1047 2595 1138 2638 illic
1167 2593 1409 2636 cavendum
1436 2597 1541 2645 erat,
1572 2605 1627 2631 ne

106 2667 272 2726 lepidos
302 2667 513 2726 quosdam
542 2664 780 2708 versiculos
811 2663 1001 2706 Publilio
1031 2663 1342 2714 tribueremus,
1384 2660 1444 2701 ita
1473 2658 1541 2700 his
1571 2673 1625 2719 ne

2 2731 40 2787 ‚0³³1
107 2735 370 2793 denegemus
399 2735 497 2778 leve
527 2733 637 2776 illud
659 2733 970 2786 adiumentum,
1003 2746 1087 2788 quo
1109 2729 1165 2771 ad
1187 2729 1423 2771 carminum
1445 2726 1624 2768 formam

2 2843 3 2846 ,
24 2827 32 2838 η»
106 2805 388 2848 reducuntur:
420 2803 529 2846 adeo
560 2803 746 2860 primum
776 2799 955 2843 editoris
978 2797 1169 2841 officium
1191 2802 1256 2839 cst
1277 2795 1442 2848 videre,
1472 2799 1520 2836 ut
1540 2793 1624 2836 sibi

24 2869 41 2902 ἕ
108 2878 289 2916 constet.
348 2871 459 2916 Cum
502 2872 556 2927 ii,
603 2871 677 2929 qui
721 2867 891 2912 codices
934 2866 1246 2909 sententiarum
1282 2861 1624 2908 Publilianarum
