1956 3308
703 263 1067 300 PnomeoMENA.
1334 285 1346 296 -
1593 261 1644 304 19

66 416 84 426 Ἴ,
121 365 233 411 Nam
271 366 374 410 inde
409 368 466 411 ab
504 367 578 411 illo
616 369 787 412 saeculo
818 365 962 413 omnia
993 378 1035 414 et
1070 371 1451 430 interpolationum
1481 381 1523 417 et
1552 390 1642 417 eor-

105 436 386 494 uruptelarum
415 451 576 493 genera
605 437 714 480 adeo
744 438 1042 493 invaluerunt,
1072 446 1122 482 ut
1151 440 1429 484 diversitates
1460 443 1641 499 seriptu-

119 518 194 546 rae
222 503 418 547 indicare
446 505 576 547 nimis
605 505 835 548 molestum
864 507 935 548 sit.
993 507 1054 550 Ut
1082 514 1226 550 tamen
1256 510 1464 564 exiguum
1490 509 1643 552 saltem

30 567 56 610 ἑ,
120 571 238 614 illius
268 573 559 629 corruptionis
590 573 768 616 daretur
797 575 1031 630 specimen,
1063 575 1378 633 discrepantias

181 680 184 681 ⁷
234 639 308 696 10)
339 640 548 683 codicis
586 641 825 683 Parisini
862 641 937 684 lat.
973 643 1084 685 8049
1113 643 1189 700 (C)
1227 658 1305 700 per
1341 651 1532 686 saturam
1570 644 1640 692 de-

119 714 293 765 cerptas
323 708 368 750 111
398 708 722 750 adnotationem
742 710 938 751 criticam
958 712 1212 767 recepimus.
1271 712 1315 753 Is
1337 713 1490 767 codex,
1510 727 1641 754 mem-

61 805 70 813 .
120 775 372 830 branaeeus,
405 790 460 818 ex
481 775 777 835 compluribus
798 773 1018 834 fasciculis
1040 780 1327 835 compositus,
1345 780 1643 837 complectitur

28 841 40 876 ‘j
72 870 96 886 -.
120 842 336 897 Persium⁴
355 858 453 885 cum
483 843 682 898 scholiis,
725 843 1000 900 Petronium,
1038 845 1259 888 Ciceronis
1290 847 1345 888 de
1375 847 1642 889 divinatione
1670 834 1677 847 ¹

119 910 411 967 fragmentum
451 910 621 954 saeculo
659 911 827 955 decimo
866 919 1112 968 exaratum3
1157 914 1203 955 in
1239 913 1402 956 ultimis
1433 914 1639 957 duodevi-

119 979 232 1034 ginti
262 978 380 1022 foliis
410 979 538 1022 homo
567 979 726 1035 aliquis
757 979 911 1038 doctus
942 980 1112 1023 saeculo
1142 981 1233 1022 fere
1264 981 1396 1023 XIII.
1427 996 1481 1023 ex
1512 982 1641 1025 Sene-

120 1060 197 1088 cae
215 1047 492 1104 potissimum
512 1046 714 1103 dialogis,
746 1048 960 1105 epistulis,
987 1049 1240 1104 tragoediis,
1263 1064 1318 1090 ex
1339 1051 1642 1107 controversiis

121 1114 310 1157 Senecae
340 1115 498 1171 patris,
538 1129 594 1156 ex
623 1114 735 1157 libro
766 1115 820 1157 de
850 1115 1063 1171 moribus,
1095 1131 1150 1158 ex
1178 1116 1367 1158 Caecilio
1396 1117 1556 1171 Balbo,
1588 1133 1643 1159 ex

121 1182 301 1224 Catonis
339 1183 644 1237 monostichis,
685 1182 872 1239 denique
911 1198 966 1225 ex
996 1183 1186 1226 Publilio
1223 1185 1444 1240 ingentem
1473 1191 1641 1227 senten-

119 1250 278 1292 tiarum
306 1249 572 1306 farraginem
602 1251 784 1292 corrasit
814 1265 971 1307 easque
1002 1277 1047 1282 —
1081 1266 1259 1293 numero
1290 1252 1375 1293 duo
1404 1252 1495 1293 fere
1523 1252 1643 1294 milia

122 1342 171 1348 —
205 1317 262 1360 ad
299 1318 496 1360 ordinem
533 1317 756 1375 alphabeti
793 1318 991 1374 digessit.
1051 1318 1231 1361 Publilii
1266 1321 1504 1361 sententiae
1532 1319 1642 1361 aliae

119 1385 176 1426 ad
206 1385 449 1428 arbitrium-
466 1386 732 1440 immutatae,
764 1386 1056 1429 subobscurae
1077 1393 1119 1429 et
1140 1388 1427 1444 corruptiores
1448 1387 1644 1429 consulto

63 1463 67 1466 ·
120 1453 325 1507 omissae,
364 1453 477 1495 aliae
515 1453 703 1510 denique
739 1469 816 1511 pro
853 1454 1026 1496 modulo
1057 1460 1100 1496 et
1135 1455 1309 1510 ingenio
1348 1454 1533 1497 hominis
1564 1455 1642 1496 lin-

119 1535 232 1577 guae
260 1511 421 1563 latinae
451 1536 538 1564 non
568 1522 782 1579 imperiti,
814 1521 892 1563 sed
922 1522 1062 1565 invita
1091 1521 1321 1579 pleraeque
1351 1522 1550 1564 Minerva
1579 1537 1642 1564 re-

118 1581 245 1631 fietae
278 1595 393 1631 sunt.
436 1587 444 1592 ’

233 1656 446 1699 Ultimum
486 1671 772 1699 commemoro
820 1657 890 1714 11)
923 1656 1157 1699 codicem
1198 1655 1639 1712 Bambergensem

9 1714 34 1762 *f
71 1703 94 1733 ‘i
120 1723 282 1766 saeculi
302 1723 436 1766 XIII.
466 1738 493 1765 a
523 1719 752 1767 Gulielmo'
771 1724 950 1782 Meyero
979 1723 1174 1781 Spirensi
1204 1723 1539 1780 diligentissime
1568 1724 1640 1765 de—

120 1793 330 1849 scriptum
361 1798 404 1834 et
432 1791 555 1845 mihi,
587 1807 672 1848 qua
700 1791 775 1833 ille
806 1798 872 1834 est
901 1791 1188 1846 officiositate,
1220 1791 1534 1846 transmissum,
1565 1792 1640 1833 sed

118 1860 183 1902 ita
216 1866 489 1917 corruptum,
528 1865 578 1901 ut
614 1858 901 1902 deterioribus
940 1859 1064 1901 libris
1103 1859 1160 1901 sit
1196 1858 1565 1901 adnumerandus:
1605 1861 1640 1900 si

121 1941 208 1984 qua
236 1928 361 1969 offert
390 1927 602 1984 speciosa,
633 1927 750 1969 haud
780 1926 914 1968 dubie
942 1941 1087 1968 merae
1116 1924 1389 1969 coniecturae
1417 1925 1642 1968 debentur.

121 1993 247 2047 Quae
275 1994 385 2037 mihi
414 1995 499 2037 fuit
529 2009 661 2036 causa
690 1995 797 2036 satis
827 1993 996 2047 idonea,
1028 1994 1176 2035 cur‘in
1195 1993 1474 2035 adnotatione
1494 1995 1641 2035 critica

119 2062 394 2119 paucissimis
424 2067 592 2103 tantum
623 2062 729 2104 locis
761 2061 1076 2103 eius-facerem
1106 2062 1383 2104 mentionem.
1443 2061 1641 2102 Prudens

120 2128 294 2171 silentio
335 2129 630 2185 praetermisi]
654 2127 848 2170 codicem
891 2128 1115 2172 Cusanum
1159 2127 1321 2169 saeculi
1361 2127 1468 2170 XII.
1514 2141 1640 2184 quem

121 2196 352 2253 descripsit
371 2195 400 2238 J
404 2195 590 2252 osephus
611 2195 744 2236 Klein
764 2195 810 2236 in
830 2193 940 2237 libro
961 2196 1171 2251 inscripto
1193 2194 1357 2236 ‘Ueber
1376 2196 1472 2236 eine
1489 2194 1638 2236 Hand-

121 2259 278 2307 schrift
317 2262 394 2304 des
432 2261 639 2305 Nicolaus
678 2277 766 2306 von
797 2263 931 2317 oues,
970 2261 1111 2307 Berol.
1147 2262 1285 2318 1866’,
1324 2262 1434 2304 sicut
1472 2261 1642 2305 codices

120 2330 343 2374 Parisinos
380 2332 550 2388 aliquos
589 2330 752 2372 saeculi
776 2329 908 2372 XIV.
938 2330 1040 2386 quia
1077 2329 1226 2371 critico
1261 2328 1368 2371 nihil
1400 2344 1455 2371 ex
1492 2330 1545 2372 iis
1576 2344 1640 2370 re-

120 2397 290 2441 dundat
319 2397 496 2456 lucri*).
554 2398 702 2440 Unum
734 2398 889 2454 excepi
909 2403 1040 2454 atquc
1061 2395 1117 2437 ad
1138 2393 1418 2438 illustrandos
1440 2411 1482 2438 v.
1503 2396 1639 2439 636-

119 2466 200 2508 651
233 2466 279 2508 in
308 2472 452 2523 partes
483 2466 640 2508 vocavi

110 2531 114 2534 ’
235 2533 307 2590 12)
339 2531 578 2575 codicem
623 2532 924 2574 Parisinum
962 2530 1050 2572 lat.
1089 2530 1222 2585 8027,
1268 2530 1638 2571 membranaceum

52 2596 59 2599 ’
121 2599 283 2642 saeculi
308 2600 432 2642 XIV,
456 2601 542 2656 (π),
574 2599 690 2641 haud
720 2600 925 2655 ignorans
956 2599 1047 2639 eius
1078 2598 1379 2640 auctoritatem
1409 2596 1639 2639 admodum

121 2664 216 2710 esse
246 2673 505 2725 suspectam.
565 2666 854 2708 Continentur
885 2666 999 2707 enim
1030 2663 1103 2707 fol.
1125 2665 1181 2706 89
1200 2679 1263 2721 sq.
1296 2666 1484 2705 Senecae
1514 2663 1641 2705 ‘liber

121 2733 176 2775 de
212 2734 404 2777 moribus
443 2733 514 2776 vel
551 2733 783 2790 disciplina
819 2747 895 2773 scu
932 2731 1067 2774 libero
1097 2731 1294 2774 arbitrio’
1334 2738 1377 2772 et
1414 2729 1639 2771 ‘Eiusdem

211 2835 249 2880 *)
274 2837 446 2870 Codicem
470 2836 624 2870 Publilii
649 2835 912 2869 sententiarum
938 2833 1086 2867 saeculo
1110 2835 1155 2869 X.
1179 2834 1371 2877 scriptum,
1398 2833 1458 2876 qui
1483 2843 1578 2866 nunc
1603 2833 1639 2865 in

121 2890 349 2926 bibliotheca
372 2894 482 2926 Firm.
508 2893 649 2926 Didotii
675 2894 903 2932 asservatur,
937 2893 1192 2923 commemorat
1216 2889 1354 2923 Theod.
1382 2890 1638 2929 Mommsenus,

121 2947 214 2980 Mus.
241 2947 357 2982 Rhen.
382 2948 452 2982 vol.
479 2949 613 2982 XVIII.
639 2959 699 2991 pg.
725 2949 801 2982 594.

1326 3004 1371 3023 nt

1328 3025 1345 3034 0-
