<?xml version="1.0" encoding="UTF-8"?>
<!DOCTYPE html PUBLIC "-//W3C//DTD XHTML 1.0 Transitional//EN"
    "http://www.w3.org/TR/xhtml1/DTD/xhtml1-transitional.dtd">
<html xmlns="http://www.w3.org/1999/xhtml" xml:lang="en" lang="en">
 <head>
  <title>
</title>
<meta http-equiv="Content-Type" content="text/html;charset=utf-8" />
  <meta name='ocr-system' content='tesseract 3.04.00' />
  <meta name='ocr-capabilities' content='ocr_page ocr_carea ocr_par ocr_line ocrx_word'/>
</head>
<body>
  <div class='ocr_page' id='page_1' title='image "./publiliisyrisent00publuoft_0010.png"; bbox 0 0 1956 3308; ppageno 0'>
   <div class='ocr_carea' id='block_1_1' title="bbox 353 194 1279 235">
    <p class='ocr_par' dir='ltr' id='par_1_1' title="bbox 353 194 1279 235">
     <span class='ocr_line' id='line_1_1' title="bbox 353 194 1279 235; baseline 0 -1"><span class='ocrx_word' id='word_1_1' title='bbox 353 194 379 234; x_wconf 79' lang='lat'>4</span> <span class='ocrx_word' id='word_1_2' title='bbox 618 195 621 198; x_wconf 85' lang='lat'>&#39;</span> <span class='ocrx_word' id='word_1_3' title='bbox 925 201 1279 235; x_wconf 78' lang='lat' dir='ltr'><strong>PROLEGOMENA.</strong></span> 
     </span>
    </p>
   </div>
   <div class='ocr_carea' id='block_1_2' title="bbox 342 299 1869 954">
    <p class='ocr_par' dir='ltr' id='par_1_2' title="bbox 342 299 1869 954">
     <span class='ocr_line' id='line_1_2' title="bbox 355 299 1852 357; baseline -0.001 -14"><span class='ocrx_word' id='word_1_4' title='bbox 355 302 473 344; x_wconf 84' lang='lat' dir='ltr'><strong>multi</strong></span> <span class='ocrx_word' id='word_1_5' title='bbox 514 302 670 345; x_wconf 84' lang='lat' dir='ltr'><strong>laboris</strong></span> <span class='ocrx_word' id='word_1_6' title='bbox 684 305 743 357; x_wconf 74' lang='lat'><strong>*):</strong></span> <span class='ocrx_word' id='word_1_7' title='bbox 783 303 890 346; x_wconf 74' lang='lat' dir='ltr'><strong>adeo</strong></span> <span class='ocrx_word' id='word_1_8' title='bbox 929 301 1204 357; x_wconf 70' lang='lat' dir='ltr'><strong>vulgare‘cst</strong></span> <span class='ocrx_word' id='word_1_9' title='bbox 1244 300 1348 342; x_wconf 88' lang='lat' dir='ltr'><strong>illud</strong></span> <span class='ocrx_word' id='word_1_10' title='bbox 1380 300 1476 342; x_wconf 87' lang='lat' dir='ltr'><strong>vitii</strong></span> <span class='ocrx_word' id='word_1_11' title='bbox 1506 315 1663 354; x_wconf 82' lang='lat' dir='ltr'><strong>genus,</strong></span> <span class='ocrx_word' id='word_1_12' title='bbox 1702 299 1852 355; x_wconf 78' lang='lat' dir='ltr'><strong>(homi-</strong></span> 
     </span>
     <span class='ocr_line' id='line_1_3' title="bbox 354 366 1853 424; baseline -0.001 -15"><span class='ocrx_word' id='word_1_13' title='bbox 354 368 577 424; x_wconf 80' lang='lat' dir='ltr'><strong>graphiam</strong></span> <span class='ocrx_word' id='word_1_14' title='bbox 624 370 806 410; x_wconf 78' lang='lat' dir='ltr'>dixerim</span> <span class='ocrx_word' id='word_1_15' title='bbox 853 369 922 409; x_wconf 79' lang='lat' dir='ltr'><strong>vel</strong></span> <span class='ocrx_word' id='word_1_16' title='bbox 969 367 1341 424; x_wconf 81' lang='lat' dir='ltr'><strong>haplographiam)</strong></span> <span class='ocrx_word' id='word_1_17' title='bbox 1383 367 1634 422; x_wconf 87' lang='lat' dir='ltr'><strong>praesertim</strong></span> <span class='ocrx_word' id='word_1_18' title='bbox 1676 366 1750 408; x_wconf 90' lang='lat' dir='ltr'><strong>ubi</strong></span> <span class='ocrx_word' id='word_1_19' title='bbox 1788 381 1853 408; x_wconf 85' lang='lat' dir='ltr'><strong>ra-</strong></span> 
     </span>
     <span class='ocr_line' id='line_1_4' title="bbox 355 432 1855 490; baseline -0.001 -15"><span class='ocrx_word' id='word_1_20' title='bbox 355 435 467 475; x_wconf 86' lang='lat' dir='ltr'><strong>riora</strong></span> <span class='ocrx_word' id='word_1_21' title='bbox 505 441 603 476; x_wconf 86' lang='lat' dir='ltr'><strong>sunt</strong></span> <span class='ocrx_word' id='word_1_22' title='bbox 640 435 833 489; x_wconf 86' lang='lat' dir='ltr'><strong>uomina,</strong></span> <span class='ocrx_word' id='word_1_23' title='bbox 872 448 978 490; x_wconf 85' lang='lat' dir='ltr'><strong>quae</strong></span> <span class='ocrx_word' id='word_1_24' title='bbox 1016 433 1108 474; x_wconf 90' lang='lat' dir='ltr'><strong>loco</strong></span> <span class='ocrx_word' id='word_1_25' title='bbox 1145 432 1448 485; x_wconf 82' lang='lat' dir='ltr'><strong>deturbantur,</strong></span> <span class='ocrx_word' id='word_1_26' title='bbox 1493 433 1630 488; x_wconf 87' lang='lat' dir='ltr'><strong>magis</strong></span> <span class='ocrx_word' id='word_1_27' title='bbox 1667 438 1769 474; x_wconf 82' lang='lat' dir='ltr'><strong>nota</strong></span> <span class='ocrx_word' id='word_1_28' title='bbox 1804 447 1855 474; x_wconf 85' lang='lat' dir='ltr'><strong>ac</strong></span> 
     </span>
     <span class='ocr_line' id='line_1_5' title="bbox 356 498 1853 556; baseline 0 -16"><span class='ocrx_word' id='word_1_29' title='bbox 356 501 471 553; x_wconf 73' lang='lat' dir='ltr'><strong>trita,</strong></span> <span class='ocrx_word' id='word_1_30' title='bbox 503 515 610 556; x_wconf 85' lang='lat' dir='ltr'><strong>quae</strong></span> <span class='ocrx_word' id='word_1_31' title='bbox 640 502 844 556; x_wconf 87' lang='lat' dir='ltr'><strong>irrepunt,</strong></span> <span class='ocrx_word' id='word_1_32' title='bbox 877 507 923 542; x_wconf 90' lang='lat' dir='ltr'><strong>ut</strong></span> <span class='ocrx_word' id='word_1_33' title='bbox 952 514 1005 541; x_wconf 90' lang='lat' dir='ltr'><strong>ne</strong></span> <span class='ocrx_word' id='word_1_34' title='bbox 1034 499 1079 541; x_wconf 90' lang='lat' dir='ltr'><strong>id</strong></span> <span class='ocrx_word' id='word_1_35' title='bbox 1110 498 1283 555; x_wconf 89' lang='lat' dir='ltr'><strong>quidem</strong></span> <span class='ocrx_word' id='word_1_36' title='bbox 1312 499 1467 539; x_wconf 86' lang='lat' dir='ltr'><strong>mirum</strong></span> <span class='ocrx_word' id='word_1_37' title='bbox 1496 513 1572 540; x_wconf 90' lang='lat' dir='ltr'><strong>nos</strong></span> <span class='ocrx_word' id='word_1_38' title='bbox 1601 498 1760 540; x_wconf 87' lang='lat' dir='ltr'><strong>habere</strong></span> <span class='ocrx_word' id='word_1_39' title='bbox 1780 498 1853 540; x_wconf 87' lang='lat' dir='ltr'><strong>de-</strong></span> 
     </span>
     <span class='ocr_line' id='line_1_6' title="bbox 353 564 1852 622; baseline 0.001 -16"><span class='ocrx_word' id='word_1_40' title='bbox 353 565 474 618; x_wconf 84' lang='lat' dir='ltr'><strong>beat,</strong></span> <span class='ocrx_word' id='word_1_41' title='bbox 505 581 589 606; x_wconf 89' lang='lat' dir='ltr'><strong>non</strong></span> <span class='ocrx_word' id='word_1_42' title='bbox 618 582 700 607; x_wconf 86' lang='lat' dir='ltr'><strong>uno</strong></span> <span class='ocrx_word' id='word_1_43' title='bbox 731 566 834 618; x_wconf 89' lang='lat' dir='ltr'><strong>loco,</strong></span> <span class='ocrx_word' id='word_1_44' title='bbox 866 566 939 608; x_wconf 89' lang='lat' dir='ltr'><strong>sed</strong></span> <span class='ocrx_word' id='word_1_45' title='bbox 971 565 1166 622; x_wconf 89' lang='lat' dir='ltr'><strong>pluribus</strong></span> <span class='ocrx_word' id='word_1_46' title='bbox 1197 564 1394 607; x_wconf 87' lang='lat' dir='ltr'>librarios</span> <span class='ocrx_word' id='word_1_47' title='bbox 1425 565 1573 606; x_wconf 87' lang='lat' dir='ltr'><strong>eodem</strong></span> <span class='ocrx_word' id='word_1_48' title='bbox 1602 564 1727 607; x_wconf 88' lang='lat' dir='ltr'><strong>modo</strong></span> <span class='ocrx_word' id='word_1_49' title='bbox 1756 579 1852 622; x_wconf 88' lang='lat' dir='ltr'><strong>pec-</strong></span> 
     </span>
     <span class='ocr_line' id='line_1_7' title="bbox 352 630 1869 688; baseline 0 -16"><span class='ocrx_word' id='word_1_50' title='bbox 352 646 483 674; x_wconf 83' lang='lat' dir='ltr'><strong>casse.</strong></span> <span class='ocrx_word' id='word_1_51' title='bbox 543 632 665 684; x_wconf 76' lang='lat' dir='ltr'><strong>Quae</strong></span> <span class='ocrx_word' id='word_1_52' title='bbox 696 633 808 673; x_wconf 88' lang='lat' dir='ltr'><strong>enim</strong></span> <span class='ocrx_word' id='word_1_53' title='bbox 839 647 931 673; x_wconf 87' lang='lat' dir='ltr'><strong>esse</strong></span> <span class='ocrx_word' id='word_1_54' title='bbox 962 637 1102 688; x_wconf 88' lang='lat' dir='ltr'><strong>potest</strong></span> <span class='ocrx_word' id='word_1_55' title='bbox 1131 631 1362 673; x_wconf 86' lang='lat' dir='ltr'><strong>auctoritas</strong></span> <span class='ocrx_word' id='word_1_56' title='bbox 1392 630 1602 679; x_wconf 90' lang='lat' dir='ltr'><strong>codicum,</strong></span> <span class='ocrx_word' id='word_1_57' title='bbox 1635 631 1869 673; x_wconf 50' lang='lat' dir='ltr'><strong>Ciceronis*</strong></span> 
     </span>
     <span class='ocr_line' id='line_1_8' title="bbox 352 696 1851 754; baseline 0 -16"><span class='ocrx_word' id='word_1_58' title='bbox 352 699 474 754; x_wconf 88' lang='lat' dir='ltr'><strong>epist.</strong></span> <span class='ocrx_word' id='word_1_59' title='bbox 510 699 573 751; x_wconf 85' lang='lat'><strong>12,</strong></span> <span class='ocrx_word' id='word_1_60' title='bbox 599 699 664 750; x_wconf 87' lang='lat'><strong>18,</strong></span> <span class='ocrx_word' id='word_1_61' title='bbox 696 698 882 740; x_wconf 80' lang='lat' dir='ltr'>Senecae</span> <span class='ocrx_word' id='word_1_62' title='bbox 912 698 966 739; x_wconf 91' lang='lat' dir='ltr'><strong>de</strong></span> <span class='ocrx_word' id='word_1_63' title='bbox 995 705 1133 753; x_wconf 81' lang='lat' dir='ltr'><strong>tranq.</strong></span> <span class='ocrx_word' id='word_1_64' title='bbox 1163 711 1231 738; x_wconf 88' lang='lat' dir='ltr'><strong>an.</strong></span> <span class='ocrx_word' id='word_1_65' title='bbox 1265 697 1330 750; x_wconf 90' lang='lat'><strong>11,</strong></span> <span class='ocrx_word' id='word_1_66' title='bbox 1356 697 1396 751; x_wconf 88' lang='grc'><strong>8,</strong></span> <span class='ocrx_word' id='word_1_67' title='bbox 1428 697 1538 738; x_wconf 90' lang='lat' dir='ltr'><strong>Plin.</strong></span> <span class='ocrx_word' id='word_1_68' title='bbox 1569 703 1656 739; x_wconf 85' lang='lat' dir='ltr'><strong>nat.</strong></span> <span class='ocrx_word' id='word_1_69' title='bbox 1687 696 1788 739; x_wconf 88' lang='lat' dir='ltr'><strong>hist.</strong></span> <span class='ocrx_word' id='word_1_70' title='bbox 1810 697 1851 750; x_wconf 82' lang='lat'><strong>8,</strong></span> 
     </span>
     <span class='ocr_line' id='line_1_9' title="bbox 342 763 1847 819; baseline 0.001 -15"><span class='ocrx_word' id='word_1_71' title='bbox 342 765 418 816; x_wconf 69' lang='lat'><strong>51,</strong></span> <span class='ocrx_word' id='word_1_72' title='bbox 445 764 511 816; x_wconf 84' lang='lat'><strong>77,</strong></span> <span class='ocrx_word' id='word_1_73' title='bbox 542 764 675 807; x_wconf 82' lang='lat' dir='ltr'><strong>Macr.</strong></span> <span class='ocrx_word' id='word_1_74' title='bbox 707 765 795 806; x_wconf 88' lang='lat' dir='ltr'><strong>Sat.</strong></span> <span class='ocrx_word' id='word_1_75' title='bbox 826 765 866 818; x_wconf 88' lang='grc'><strong>2,</strong></span> <span class='ocrx_word' id='word_1_76' title='bbox 888 765 930 818; x_wconf 88' lang='grc'><strong>2,</strong></span> <span class='ocrx_word' id='word_1_77' title='bbox 952 765 992 817; x_wconf 92' lang='grc'><strong>8,</strong></span> <span class='ocrx_word' id='word_1_78' title='bbox 1025 765 1069 805; x_wconf 92' lang='lat' dir='ltr'><strong>in</strong></span> <span class='ocrx_word' id='word_1_79' title='bbox 1099 763 1254 819; x_wconf 87' lang='lat' dir='ltr'><strong>quibus</strong></span> <span class='ocrx_word' id='word_1_80' title='bbox 1284 778 1542 819; x_wconf 86' lang='lat' dir='ltr'>praenomen</span> <span class='ocrx_word' id='word_1_81' title='bbox 1572 763 1716 806; x_wconf 91' lang='lat' dir='ltr'><strong>Publii</strong></span> <span class='ocrx_word' id='word_1_82' title='bbox 1745 764 1847 805; x_wconf 87' lang='lat' dir='ltr'><strong>scri-</strong></span> 
     </span>
     <span class='ocr_line' id='line_1_10' title="bbox 350 827 1851 886; baseline 0.001 -15"><span class='ocrx_word' id='word_1_83' title='bbox 350 836 468 885; x_wconf 85' lang='lat' dir='ltr'><strong>ptum</strong></span> <span class='ocrx_word' id='word_1_84' title='bbox 499 845 593 872; x_wconf 91' lang='lat' dir='ltr'><strong>csse</strong></span> <span class='ocrx_word' id='word_1_85' title='bbox 621 830 737 872; x_wconf 86' lang='lat' dir='ltr'><strong>haud</strong></span> <span class='ocrx_word' id='word_1_86' title='bbox 767 832 930 886; x_wconf 88' lang='lat' dir='ltr'><strong>ignoro,</strong></span> <span class='ocrx_word' id='word_1_87' title='bbox 962 845 1056 872; x_wconf 89' lang='lat' dir='ltr'><strong>eum</strong></span> <span class='ocrx_word' id='word_1_88' title='bbox 1087 827 1267 871; x_wconf 85' lang='lat' dir='ltr'><strong>eundem</strong></span> <span class='ocrx_word' id='word_1_89' title='bbox 1297 836 1467 885; x_wconf 85' lang='lat' dir='ltr'><strong>poetam</strong></span> <span class='ocrx_word' id='word_1_90' title='bbox 1489 830 1544 872; x_wconf 88' lang='lat' dir='ltr'><strong>ab</strong></span> <span class='ocrx_word' id='word_1_91' title='bbox 1574 830 1728 872; x_wconf 87' lang='lat' dir='ltr'><strong>iisdem</strong></span> <span class='ocrx_word' id='word_1_92' title='bbox 1749 831 1851 872; x_wconf 84' lang='lat' dir='ltr'><strong>scri-</strong></span> 
     </span>
     <span class='ocr_line' id='line_1_11' title="bbox 350 895 1850 954; baseline 0.001 -17"><span class='ocrx_word' id='word_1_93' title='bbox 350 895 542 951; x_wconf 89' lang='lat' dir='ltr'><strong>ptoribus</strong></span> <span class='ocrx_word' id='word_1_94' title='bbox 579 897 728 938; x_wconf 83' lang='lat' dir='ltr'><strong>audire</strong></span> <span class='ocrx_word' id='word_1_95' title='bbox 758 897 989 939; x_wconf 86' lang='lat' dir='ltr'><strong>Publilium</strong></span> <span class='ocrx_word' id='word_1_96' title='bbox 1031 910 1159 952; x_wconf 90' lang='lat' dir='ltr'><strong>supra</strong></span> <span class='ocrx_word' id='word_1_97' title='bbox 1197 895 1532 938; x_wconf 77' lang='lat' dir='ltr'><strong>demonstratum</strong></span> <span class='ocrx_word' id='word_1_98' title='bbox 1563 896 1651 938; x_wconf 79' lang='lat' dir='ltr'><strong>sit?</strong></span> <span class='ocrx_word' id='word_1_99' title='bbox 1696 897 1850 954; x_wconf 65' lang='lat' dir='ltr'><strong>Itatpe</strong></span> 
     </span>
    </p>
   </div>
   <div class='ocr_carea' id='block_1_3' title="bbox 1926 0 1956 784">
    <p class='ocr_par' dir='ltr' id='par_1_3' title="bbox 1926 0 1956 784">
     <span class='ocr_line' id='line_1_12' title="bbox 1926 0 1956 784; baseline 0 2524"><span class='ocrx_word' id='word_1_100' title='bbox 1926 0 1956 784; x_wconf 95' lang='lat' dir='ltr'><strong> </strong></span> 
     </span>
    </p>
   </div>
   <div class='ocr_carea' id='block_1_4' title="bbox 348 960 1956 1019">
    <p class='ocr_par' dir='ltr' id='par_1_4' title="bbox 348 960 1956 1019">
     <span class='ocr_line' id='line_1_13' title="bbox 348 960 1956 1019; baseline 0.001 -17"><span class='ocrx_word' id='word_1_101' title='bbox 348 976 401 1002; x_wconf 89' lang='lat' dir='ltr'><strong>ne</strong></span> <span class='ocrx_word' id='word_1_102' title='bbox 422 976 564 1003; x_wconf 84' lang='lat' dir='ltr'><strong>eorum</strong></span> <span class='ocrx_word' id='word_1_103' title='bbox 585 962 756 1018; x_wconf 89' lang='lat' dir='ltr'><strong>quidem</strong></span> <span class='ocrx_word' id='word_1_104' title='bbox 777 965 1031 1005; x_wconf 88' lang='lat' dir='ltr'><strong>sententiam</strong></span> <span class='ocrx_word' id='word_1_105' title='bbox 1051 963 1162 1004; x_wconf 88' lang='lat' dir='ltr'><strong>tueri</strong></span> <span class='ocrx_word' id='word_1_106' title='bbox 1183 961 1327 1015; x_wconf 86' lang='lat' dir='ltr'><strong>velim,</strong></span> <span class='ocrx_word' id='word_1_107' title='bbox 1357 964 1430 1018; x_wconf 90' lang='lat' dir='ltr'><strong>qui</strong></span> <span class='ocrx_word' id='word_1_108' title='bbox 1449 969 1675 1019; x_wconf 87' lang='lat' dir='ltr'><strong>utrumque</strong></span> <span class='ocrx_word' id='word_1_109' title='bbox 1695 977 1847 1005; x_wconf 90' lang='lat' dir='ltr'><strong>nomen</strong></span> <span class='ocrx_word' id='word_1_110' title='bbox 1883 991 1894 997; x_wconf 76' lang='lat'><em>-</em></span> <span class='ocrx_word' id='word_1_111' title='bbox 1950 960 1956 990; x_wconf 65' lang='grc' dir='ltr'><strong>’ἶ</strong></span> 
     </span>
    </p>
   </div>
   <div class='ocr_carea' id='block_1_5' title="bbox 341 1028 1911 2348">
    <p class='ocr_par' dir='ltr' id='par_1_5' title="bbox 347 1028 1849 1215">
     <span class='ocr_line' id='line_1_14' title="bbox 350 1028 1846 1085; baseline 0.002 -17"><span class='ocrx_word' id='word_1_112' title='bbox 350 1037 390 1069; x_wconf 89' lang='lat' dir='ltr'><strong>ct</strong></span> <span class='ocrx_word' id='word_1_113' title='bbox 427 1028 571 1070; x_wconf 88' lang='lat' dir='ltr'><strong>Publii</strong></span> <span class='ocrx_word' id='word_1_114' title='bbox 610 1036 650 1070; x_wconf 91' lang='lat' dir='ltr'><strong>et</strong></span> <span class='ocrx_word' id='word_1_115' title='bbox 688 1029 864 1071; x_wconf 88' lang='lat' dir='ltr'><strong>Publilii</strong></span> <span class='ocrx_word' id='word_1_116' title='bbox 899 1036 1014 1070; x_wconf 89' lang='lat' dir='ltr'><strong>recte</strong></span> <span class='ocrx_word' id='word_1_117' title='bbox 1052 1043 1098 1070; x_wconf 84' lang='lat' dir='ltr'><strong>se</strong></span> <span class='ocrx_word' id='word_1_118' title='bbox 1134 1028 1291 1069; x_wconf 88' lang='lat' dir='ltr'><strong>habere</strong></span> <span class='ocrx_word' id='word_1_119' title='bbox 1327 1029 1409 1069; x_wconf 85' lang='lat' dir='ltr'><strong>rati</strong></span> <span class='ocrx_word' id='word_1_120' title='bbox 1447 1037 1615 1085; x_wconf 87' lang='lat' dir='ltr'><strong>poetam</strong></span> <span class='ocrx_word' id='word_1_121' title='bbox 1652 1035 1846 1072; x_wconf 83' lang='lat' dir='ltr'><strong>nostrum</strong></span> 
     </span>
     <span class='ocr_line' id='line_1_15' title="bbox 350 1094 1849 1152; baseline 0.003 -18"><span class='ocrx_word' id='word_1_122' title='bbox 350 1094 551 1135; x_wconf 87' lang='lat' dir='ltr'><strong>Publium</strong></span> <span class='ocrx_word' id='word_1_123' title='bbox 571 1094 804 1136; x_wconf 88' lang='lat' dir='ltr'><strong>Publilium</strong></span> <span class='ocrx_word' id='word_1_124' title='bbox 833 1096 1177 1137; x_wconf 80' lang='lat' dir='ltr'><strong>nominaverunt:</strong></span> <span class='ocrx_word' id='word_1_125' title='bbox 1207 1109 1306 1135; x_wconf 88' lang='lat' dir='ltr'><strong>nam</strong></span> <span class='ocrx_word' id='word_1_126' title='bbox 1335 1095 1450 1151; x_wconf 86' lang='lat' dir='ltr'><strong>apud</strong></span> <span class='ocrx_word' id='word_1_127' title='bbox 1478 1095 1641 1138; x_wconf 88' lang='lat' dir='ltr'><strong>nullum</strong></span> <span class='ocrx_word' id='word_1_128' title='bbox 1672 1096 1849 1152; x_wconf 87' lang='lat' dir='ltr'><strong>scripto—</strong></span> 
     </span>
     <span class='ocr_line' id='line_1_16' title="bbox 347 1160 1381 1215; baseline 0.002 -15"><span class='ocrx_word' id='word_1_129' title='bbox 347 1174 435 1200; x_wconf 88' lang='lat' dir='ltr'><strong>rem</strong></span> <span class='ocrx_word' id='word_1_130' title='bbox 466 1161 569 1201; x_wconf 85' lang='lat' dir='ltr'><strong>haec</strong></span> <span class='ocrx_word' id='word_1_131' title='bbox 600 1161 683 1202; x_wconf 90' lang='lat' dir='ltr'><strong>duo</strong></span> <span class='ocrx_word' id='word_1_132' title='bbox 714 1163 884 1204; x_wconf 89' lang='lat' dir='ltr'><strong>nomina</strong></span> <span class='ocrx_word' id='word_1_133' title='bbox 914 1162 1139 1203; x_wconf 81' lang='lat' dir='ltr'><strong>coniuncta</strong></span> <span class='ocrx_word' id='word_1_134' title='bbox 1169 1160 1381 1215; x_wconf 87' lang='lat' dir='ltr'><strong>leguntur.</strong></span> 
     </span>
    </p>

    <p class='ocr_par' dir='ltr' id='par_1_6' title="bbox 341 1226 1911 2348">
     <span class='ocr_line' id='line_1_17' title="bbox 456 1226 1848 1283; baseline 0.003 -16"><span class='ocrx_word' id='word_1_135' title='bbox 456 1227 523 1268; x_wconf 91' lang='lat' dir='ltr'><strong>De</strong></span> <span class='ocrx_word' id='word_1_136' title='bbox 553 1226 687 1268; x_wconf 89' lang='lat' dir='ltr'><strong>altero</strong></span> <span class='ocrx_word' id='word_1_137' title='bbox 717 1234 867 1283; x_wconf 88' lang='lat' dir='ltr'><strong>poetae</strong></span> <span class='ocrx_word' id='word_1_138' title='bbox 896 1228 1087 1280; x_wconf 89' lang='lat' dir='ltr'><strong>nomine,</strong></span> <span class='ocrx_word' id='word_1_139' title='bbox 1118 1227 1232 1283; x_wconf 90' lang='lat' dir='ltr'><strong>quod</strong></span> <span class='ocrx_word' id='word_1_140' title='bbox 1262 1227 1427 1269; x_wconf 86' lang='lat' dir='ltr'><strong>Plinius</strong></span> <span class='ocrx_word' id='word_1_141' title='bbox 1457 1243 1499 1269; x_wconf 89' lang='lat' dir='ltr'><strong>n.</strong></span> <span class='ocrx_word' id='word_1_142' title='bbox 1530 1228 1572 1270; x_wconf 92' lang='lat' dir='ltr'><strong>h.</strong></span> <span class='ocrx_word' id='word_1_143' title='bbox 1603 1229 1680 1282; x_wconf 82' lang='lat'><strong>35,</strong></span> <span class='ocrx_word' id='word_1_144' title='bbox 1711 1231 1737 1281; x_wconf 65' lang='grc' dir='ltr'><em>ξ</em></span> <span class='ocrx_word' id='word_1_145' title='bbox 1769 1229 1848 1271; x_wconf 88' lang='grc'><strong>199</strong></span> 
     </span>
     <span class='ocr_line' id='line_1_18' title="bbox 346 1293 1879 1337; baseline 0.003 -4"><span class='ocrx_word' id='word_1_146' title='bbox 346 1293 542 1334; x_wconf 81' lang='lat' dir='ltr'><strong>tradidit:</strong></span> <span class='ocrx_word' id='word_1_147' title='bbox 579 1293 809 1336; x_wconf 66' lang='lat' dir='ltr'><strong>Publilium</strong></span> <span class='ocrx_word' id='word_1_148' title='bbox 838 1294 1089 1336; x_wconf 66' lang='lat' dir='ltr'><strong>Lochium</strong></span> <span class='ocrx_word' id='word_1_149' title='bbox 1117 1295 1306 1335; x_wconf 79' lang='lat' dir='ltr'><strong>mimicae</strong></span> <span class='ocrx_word' id='word_1_150' title='bbox 1333 1307 1505 1336; x_wconf 77' lang='lat' dir='ltr'><em>scaenae</em></span> <span class='ocrx_word' id='word_1_151' title='bbox 1533 1295 1780 1337; x_wconf 75' lang='lat' dir='ltr'><strong>conditorem</strong></span> <span class='ocrx_word' id='word_1_152' title='bbox 1808 1298 1846 1337; x_wconf 80' lang='lat' dir='ltr'><strong>et</strong></span> <span class='ocrx_word' id='word_1_153' title='bbox 1875 1314 1879 1319; x_wconf 84' lang='grc'>·</span> 
     </span>
     <span class='ocr_line' id='line_1_19' title="bbox 347 1360 1845 1414; baseline 0.001 -14"><span class='ocrx_word' id='word_1_154' title='bbox 347 1360 592 1413; x_wconf 61' lang='lat' dir='ltr'><strong>astrologiae</strong></span> <span class='ocrx_word' id='word_1_155' title='bbox 621 1361 907 1402; x_wconf 69' lang='lat' dir='ltr'><strong>consobrinum</strong></span> <span class='ocrx_word' id='word_1_156' title='bbox 935 1363 1022 1402; x_wconf 75' lang='lat' dir='ltr'><strong>eius</strong></span> <span class='ocrx_word' id='word_1_157' title='bbox 1041 1360 1275 1402; x_wconf 75' lang='lat' dir='ltr'><strong>Manilium</strong></span> <span class='ocrx_word' id='word_1_158' title='bbox 1294 1360 1557 1412; x_wconf 75' lang='lat' dir='ltr'><strong>Antiochum,</strong></span> <span class='ocrx_word' id='word_1_159' title='bbox 1586 1362 1683 1402; x_wconf 74' lang='lat' dir='ltr'><strong>item</strong></span> <span class='ocrx_word' id='word_1_160' title='bbox 1702 1374 1845 1414; x_wconf 77' lang='lat' dir='ltr'><strong>yram-</strong></span> 
     </span>
     <span class='ocr_line' id='line_1_20' title="bbox 346 1426 1845 1481; baseline 0.001 -14"><span class='ocrx_word' id='word_1_161' title='bbox 346 1427 520 1467; x_wconf 66' lang='lat' dir='ltr'><strong>matieae</strong></span> <span class='ocrx_word' id='word_1_162' title='bbox 551 1427 784 1468; x_wconf 76' lang='lat' dir='ltr'><strong>Staberium</strong></span> <span class='ocrx_word' id='word_1_163' title='bbox 814 1426 983 1469; x_wconf 79' lang='lat' dir='ltr'><em>Erotem</em></span> <span class='ocrx_word' id='word_1_164' title='bbox 1012 1428 1152 1469; x_wconf 78' lang='lat' dir='ltr'><strong>eadem</strong></span> <span class='ocrx_word' id='word_1_165' title='bbox 1180 1441 1285 1468; x_wconf 75' lang='lat' dir='ltr'><strong>nave</strong></span> <span class='ocrx_word' id='word_1_166' title='bbox 1313 1428 1497 1479; x_wconf 70' lang='lat' dir='ltr'><strong>advectos</strong></span> <span class='ocrx_word' id='word_1_167' title='bbox 1523 1428 1659 1469; x_wconf 81' lang='lat' dir='ltr'><strong>videre</strong></span> <span class='ocrx_word' id='word_1_168' title='bbox 1681 1428 1845 1481; x_wconf 73' lang='lat' dir='ltr'><strong>proavi,</strong></span> 
     </span>
     <span class='ocr_line' id='line_1_21' title="bbox 344 1491 1851 1546; baseline 0.001 -13"><span class='ocrx_word' id='word_1_169' title='bbox 344 1491 484 1533; x_wconf 86' lang='lat' dir='ltr'><strong>adhuc</strong></span> <span class='ocrx_word' id='word_1_170' title='bbox 525 1493 605 1534; x_wconf 89' lang='lat' dir='ltr'><strong>sub</strong></span> <span class='ocrx_word' id='word_1_171' title='bbox 635 1493 776 1534; x_wconf 90' lang='lat' dir='ltr'><strong>iudice</strong></span> <span class='ocrx_word' id='word_1_172' title='bbox 807 1492 926 1534; x_wconf 87' lang='lat' dir='ltr'><strong>litem</strong></span> <span class='ocrx_word' id='word_1_173' title='bbox 957 1507 1052 1534; x_wconf 87' lang='lat' dir='ltr'><strong>esse</strong></span> <span class='ocrx_word' id='word_1_174' title='bbox 1081 1492 1278 1534; x_wconf 83' lang='lat' dir='ltr'><strong>lubenter</strong></span> <span class='ocrx_word' id='word_1_175' title='bbox 1307 1493 1524 1535; x_wconf 88' lang='lat' dir='ltr'><strong>confiteor.</strong></span> <span class='ocrx_word' id='word_1_176' title='bbox 1583 1493 1749 1546; x_wconf 80' lang='lat' dir='ltr'><strong>Quodsi</strong></span> <span class='ocrx_word' id='word_1_177' title='bbox 1780 1494 1851 1535; x_wconf 87' lang='lat' dir='ltr'><strong>cui</strong></span> 
     </span>
     <span class='ocr_line' id='line_1_22' title="bbox 347 1559 1850 1616; baseline 0.001 -18"><span class='ocrx_word' id='word_1_178' title='bbox 347 1559 586 1613; x_wconf 87' lang='lat' dir='ltr'><strong>contigerit,</strong></span> <span class='ocrx_word' id='word_1_179' title='bbox 617 1565 665 1600; x_wconf 93' lang='lat' dir='ltr'><strong>ut</strong></span> <span class='ocrx_word' id='word_1_180' title='bbox 694 1559 811 1600; x_wconf 87' lang='lat' dir='ltr'><strong>facili</strong></span> <span class='ocrx_word' id='word_1_181' title='bbox 840 1559 1006 1600; x_wconf 88' lang='lat' dir='ltr'><strong>medela</strong></span> <span class='ocrx_word' id='word_1_182' title='bbox 1029 1574 1083 1600; x_wconf 87' lang='lat' dir='ltr'><strong>ex</strong></span> <span class='ocrx_word' id='word_1_183' title='bbox 1104 1560 1264 1602; x_wconf 89' lang='lat' dir='ltr'><strong>codicis</strong></span> <span class='ocrx_word' id='word_1_184' title='bbox 1285 1559 1617 1616; x_wconf 86' lang='lat' dir='ltr'><strong>Bambergensis</strong></span> <span class='ocrx_word' id='word_1_185' title='bbox 1639 1560 1850 1616; x_wconf 86' lang='lat' dir='ltr'><strong>scriptura</strong></span> 
     </span>
     <span class='ocr_line' id='line_1_23' title="bbox 345 1623 1848 1683; baseline 0.002 -18"><span class='ocrx_word' id='word_1_186' title='bbox 345 1639 499 1665; x_wconf 87' lang='lat' dir='ltr'><strong>nomen</strong></span> <span class='ocrx_word' id='word_1_187' title='bbox 531 1623 636 1666; x_wconf 92' lang='lat' dir='ltr'><strong>illud</strong></span> <span class='ocrx_word' id='word_1_188' title='bbox 666 1640 868 1680; x_wconf 89' lang='lat' dir='ltr'><strong>graecum</strong></span> <span class='ocrx_word' id='word_1_189' title='bbox 898 1625 1054 1679; x_wconf 90' lang='lat' dir='ltr'><strong>eliciat,</strong></span> <span class='ocrx_word' id='word_1_190' title='bbox 1086 1640 1170 1682; x_wconf 92' lang='lat' dir='ltr'><strong>quo</strong></span> <span class='ocrx_word' id='word_1_191' title='bbox 1200 1627 1313 1668; x_wconf 89' lang='lat' dir='ltr'><strong>inter</strong></span> <span class='ocrx_word' id='word_1_192' title='bbox 1341 1626 1487 1683; x_wconf 84' lang='lat' dir='ltr'><strong>Syros,</strong></span> <span class='ocrx_word' id='word_1_193' title='bbox 1517 1633 1746 1682; x_wconf 85' lang='lat' dir='ltr'><strong>antequam</strong></span> <span class='ocrx_word' id='word_1_194' title='bbox 1765 1626 1848 1668; x_wconf 89' lang='lat' dir='ltr'><strong>Ro-</strong></span> 
     </span>
     <span class='ocr_line' id='line_1_24' title="bbox 346 1690 1911 1749; baseline 0.001 -18"><span class='ocrx_word' id='word_1_195' title='bbox 346 1705 457 1731; x_wconf 86' lang='lat' dir='ltr'><strong>mam</strong></span> <span class='ocrx_word' id='word_1_196' title='bbox 488 1690 788 1744; x_wconf 81' lang='lat' dir='ltr'><strong>adduceretur,</strong></span> <span class='ocrx_word' id='word_1_197' title='bbox 820 1707 926 1748; x_wconf 84' lang='lat' dir='ltr'><strong>puer</strong></span> <span class='ocrx_word' id='word_1_198' title='bbox 946 1707 1048 1734; x_wconf 87' lang='lat' dir='ltr'><strong>usus</strong></span> <span class='ocrx_word' id='word_1_199' title='bbox 1070 1699 1175 1746; x_wconf 86' lang='lat' dir='ltr'><strong>erat,</strong></span> <span class='ocrx_word' id='word_1_200' title='bbox 1206 1699 1281 1734; x_wconf 79' lang='lat' dir='ltr'><strong>aut</strong></span> <span class='ocrx_word' id='word_1_201' title='bbox 1311 1694 1347 1734; x_wconf 85' lang='lat' dir='ltr'><strong>si</strong></span> <span class='ocrx_word' id='word_1_202' title='bbox 1368 1694 1463 1749; x_wconf 90' lang='lat' dir='ltr'><strong>quis</strong></span> <span class='ocrx_word' id='word_1_203' title='bbox 1484 1693 1691 1735; x_wconf 90' lang='lat' dir='ltr'><strong>Lochium</strong></span> <span class='ocrx_word' id='word_1_204' title='bbox 1713 1692 1849 1734; x_wconf 82' lang='lat' dir='ltr'><strong>fuisse</strong></span> <span class='ocrx_word' id='word_1_205' title='bbox 1908 1735 1911 1738; x_wconf 16' lang='grc' dir='ltr'><em>Α</em></span> 
     </span>
     <span class='ocr_line' id='line_1_25' title="bbox 346 1758 1847 1813; baseline 0.002 -16"><span class='ocrx_word' id='word_1_206' title='bbox 346 1771 501 1798; x_wconf 87' lang='lat' dir='ltr'><strong>nomen</strong></span> <span class='ocrx_word' id='word_1_207' title='bbox 538 1772 737 1812; x_wconf 86' lang='lat' dir='ltr'><strong>graecum</strong></span> <span class='ocrx_word' id='word_1_208' title='bbox 778 1759 976 1813; x_wconf 72' lang='lat' dir='ltr'><strong>evicerit,</strong></span> <span class='ocrx_word' id='word_1_209' title='bbox 1014 1773 1091 1801; x_wconf 90' lang='lat' dir='ltr'><strong>nos</strong></span> <span class='ocrx_word' id='word_1_210' title='bbox 1130 1765 1244 1800; x_wconf 89' lang='lat' dir='ltr'><strong>certe</strong></span> <span class='ocrx_word' id='word_1_211' title='bbox 1272 1773 1355 1800; x_wconf 85' lang='lat' dir='ltr'><strong>non</strong></span> <span class='ocrx_word' id='word_1_212' title='bbox 1386 1758 1561 1800; x_wconf 89' lang='lat' dir='ltr'><strong>habebit</strong></span> <span class='ocrx_word' id='word_1_213' title='bbox 1590 1760 1756 1800; x_wconf 88' lang='lat' dir='ltr'><strong>inventi</strong></span> <span class='ocrx_word' id='word_1_214' title='bbox 1784 1760 1847 1801; x_wconf 89' lang='lat' dir='ltr'><strong>in-</strong></span> 
     </span>
     <span class='ocr_line' id='line_1_26' title="bbox 348 1823 1848 1878; baseline 0.002 -14"><span class='ocrx_word' id='word_1_215' title='bbox 348 1823 487 1865; x_wconf 81' lang='lat' dir='ltr'><strong>vidos.</strong></span> <span class='ocrx_word' id='word_1_216' title='bbox 546 1824 739 1878; x_wconf 84' lang='lat' dir='ltr'><strong>Interim,</strong></span> <span class='ocrx_word' id='word_1_217' title='bbox 771 1824 905 1866; x_wconf 88' lang='lat' dir='ltr'><strong>donec</strong></span> <span class='ocrx_word' id='word_1_218' title='bbox 935 1824 1118 1867; x_wconf 85' lang='lat' dir='ltr'><strong>meliora·</strong></span> <span class='ocrx_word' id='word_1_219' title='bbox 1139 1825 1406 1878; x_wconf 77' lang='lat' dir='ltr'><strong>edoceamur,</strong></span> <span class='ocrx_word' id='word_1_220' title='bbox 1435 1824 1622 1867; x_wconf 87' lang='lat' dir='ltr'><strong>Plinium</strong></span> <span class='ocrx_word' id='word_1_221' title='bbox 1650 1840 1736 1867; x_wconf 91' lang='lat' dir='ltr'><strong>non</strong></span> <span class='ocrx_word' id='word_1_222' title='bbox 1766 1826 1848 1867; x_wconf 92' lang='lat' dir='ltr'><strong>Lo-</strong></span> 
     </span>
     <span class='ocr_line' id='line_1_27' title="bbox 348 1881 1868 1948; baseline 0.002 -18"><span class='ocrx_word' id='word_1_223' title='bbox 348 1890 506 1940; x_wconf 54' lang='lat' dir='ltr'><strong>chiren,</strong></span> <span class='ocrx_word' id='word_1_224' title='bbox 539 1890 615 1931; x_wconf 90' lang='lat' dir='ltr'><strong>sed</strong></span> <span class='ocrx_word' id='word_1_225' title='bbox 644 1891 910 1932; x_wconf 70' lang='lat' dir='ltr'><strong>Antioehium</strong></span> <span class='ocrx_word' id='word_1_226' title='bbox 940 1893 1165 1948; x_wconf 84' lang='lat' dir='ltr'><strong>scripsisse</strong></span> <span class='ocrx_word' id='word_1_227' title='bbox 1191 1881 1527 1946; x_wconf 61' lang='lat' dir='ltr'><strong>&#39;stat11hm11s**)‚</strong></span> <span class='ocrx_word' id='word_1_228' title='bbox 1557 1893 1697 1948; x_wconf 78' lang='lat' dir='ltr'><strong>patria</strong></span> <span class='ocrx_word' id='word_1_229' title='bbox 1723 1900 1868 1933; x_wconf 83' lang='lat' dir='ltr'><strong>accu-&#39;</strong></span> 
     </span>
     <span class='ocr_line' id='line_1_28' title="bbox 347 1957 1847 2014; baseline 0.003 -18"><span class='ocrx_word' id='word_1_230' title='bbox 347 1957 480 1997; x_wconf 83' lang='lat' dir='ltr'><strong>ratius</strong></span> <span class='ocrx_word' id='word_1_231' title='bbox 528 1957 770 2011; x_wconf 84' lang='lat' dir='ltr'><strong>significata</strong></span> <span class='ocrx_word' id='word_1_232' title='bbox 814 1972 938 2013; x_wconf 87' lang='lat' dir='ltr'><strong>quam</strong></span> <span class='ocrx_word' id='word_1_233' title='bbox 982 1958 1141 2000; x_wconf 85' lang='lat' dir='ltr'><strong>factum</strong></span> <span class='ocrx_word' id='word_1_234' title='bbox 1189 1965 1253 2000; x_wconf 90' lang='lat' dir='ltr'><strong>est</strong></span> <span class='ocrx_word' id='word_1_235' title='bbox 1296 1973 1321 1999; x_wconf 87' lang='lat' dir='ltr'><strong>a</strong></span> <span class='ocrx_word' id='word_1_236' title='bbox 1357 1958 1509 1999; x_wconf 88' lang='lat' dir='ltr'><strong>ceteris</strong></span> <span class='ocrx_word' id='word_1_237' title='bbox 1553 1958 1847 2014; x_wconf 85' lang='lat' dir='ltr'><strong>scriptoribus,</strong></span> 
     </span>
     <span class='ocr_line' id='line_1_29' title="bbox 346 2023 1845 2080; baseline 0.003 -18"><span class='ocrx_word' id='word_1_238' title='bbox 346 2037 524 2077; x_wconf 87' lang='lat' dir='ltr'><strong>quorum</strong></span> <span class='ocrx_word' id='word_1_239' title='bbox 563 2023 755 2080; x_wconf 80' lang='lat' dir='ltr'><strong>exemplo</strong></span> <span class='ocrx_word' id='word_1_240' title='bbox 793 2030 961 2080; x_wconf 87' lang='lat' dir='ltr'><strong>poetam</strong></span> <span class='ocrx_word' id='word_1_241' title='bbox 1001 2025 1155 2080; x_wconf 87' lang='lat' dir='ltr'><strong>Syrum</strong></span> <span class='ocrx_word' id='word_1_242' title='bbox 1197 2025 1498 2080; x_wconf 82' lang='lat' dir='ltr'><strong>cognominare</strong></span> <span class='ocrx_word' id='word_1_243' title='bbox 1534 2024 1845 2066; x_wconf 78' lang='lat' dir='ltr'><strong>consuevimus.</strong></span> 
     </span>
     <span class='ocr_line' id='line_1_30' title="bbox 341 2088 1844 2147; baseline 0.002 -18"><span class='ocrx_word' id='word_1_244' title='bbox 341 2088 458 2139; x_wconf 78' lang='lat' dir='ltr'><strong>Quin</strong></span> <span class='ocrx_word' id='word_1_245' title='bbox 499 2089 626 2131; x_wconf 89' lang='lat' dir='ltr'><strong>immo</strong></span> <span class='ocrx_word' id='word_1_246' title='bbox 656 2089 770 2131; x_wconf 84' lang='lat' dir='ltr'><strong>haud</strong></span> <span class='ocrx_word' id='word_1_247' title='bbox 802 2090 1050 2144; x_wconf 77' lang='lat' dir='ltr'><strong>defuerunt,</strong></span> <span class='ocrx_word' id='word_1_248' title='bbox 1089 2092 1161 2146; x_wconf 92' lang='lat' dir='ltr'><strong>qui</strong></span> <span class='ocrx_word' id='word_1_249' title='bbox 1191 2090 1404 2133; x_wconf 88' lang='lat' dir='ltr'><strong>versiculo</strong></span> <span class='ocrx_word' id='word_1_250' title='bbox 1432 2090 1576 2147; x_wconf 83' lang='lat' dir='ltr'><strong>aliquo</strong></span> <span class='ocrx_word' id='word_1_251' title='bbox 1606 2105 1632 2132; x_wconf 83' lang='lat' dir='ltr'><strong>a</strong></span> <span class='ocrx_word' id='word_1_252' title='bbox 1661 2091 1844 2133; x_wconf 85' lang='lat' dir='ltr'><strong>Caesare</strong></span> 
     </span>
     <span class='ocr_line' id='line_1_31' title="bbox 342 2156 1844 2215; baseline 0.003 -20"><span class='ocrx_word' id='word_1_253' title='bbox 342 2168 397 2195; x_wconf 85' lang='lat' dir='ltr'><strong>ex</strong></span> <span class='ocrx_word' id='word_1_254' title='bbox 426 2161 615 2211; x_wconf 84' lang='lat' dir='ltr'><strong>tempore</strong></span> <span class='ocrx_word' id='word_1_255' title='bbox 646 2156 739 2197; x_wconf 89' lang='lat' dir='ltr'><strong>fuso</strong></span> <span class='ocrx_word' id='word_1_256' title='bbox 762 2157 836 2210; x_wconf 87' lang='lat' dir='ltr'><strong>(cf.</strong></span> <span class='ocrx_word' id='word_1_257' title='bbox 858 2157 970 2198; x_wconf 85' lang='lat' dir='ltr'><strong>infra</strong></span> <span class='ocrx_word' id='word_1_258' title='bbox 989 2172 1061 2213; x_wconf 88' lang='lat' dir='ltr'><strong>pg.</strong></span> <span class='ocrx_word' id='word_1_259' title='bbox 1079 2157 1122 2213; x_wconf 89' lang='lat'><strong>9)</strong></span> <span class='ocrx_word' id='word_1_260' title='bbox 1139 2157 1264 2199; x_wconf 89' lang='lat' dir='ltr'><strong>abusi</strong></span> <span class='ocrx_word' id='word_1_261' title='bbox 1293 2172 1388 2198; x_wconf 90' lang='lat' dir='ltr'><strong>eum</strong></span> <span class='ocrx_word' id='word_1_262' title='bbox 1417 2158 1670 2214; x_wconf 87' lang='lat' dir='ltr'><strong>simpliciter</strong></span> <span class='ocrx_word' id='word_1_263' title='bbox 1689 2157 1844 2215; x_wconf 79' lang='lat' dir='ltr'><strong>Syrum</strong></span> 
     </span>
     <span class='ocr_line' id='line_1_32' title="bbox 343 2214 1842 2280; baseline 0.005 -20"><span class='ocrx_word' id='word_1_264' title='bbox 343 2228 561 2274; x_wconf 84' lang='lat' dir='ltr'><strong>vocarent,</strong></span> <span class='ocrx_word' id='word_1_265' title='bbox 595 2228 810 2277; x_wconf 83' lang='lat' dir='ltr'><strong>tamquam</strong></span> <span class='ocrx_word' id='word_1_266' title='bbox 842 2222 885 2263; x_wconf 88' lang='lat' dir='ltr'><strong>id</strong></span> <span class='ocrx_word' id='word_1_267' title='bbox 916 2238 1068 2264; x_wconf 87' lang='lat' dir='ltr'><strong>nomen</strong></span> <span class='ocrx_word' id='word_1_268' title='bbox 1097 2224 1213 2280; x_wconf 88' lang='lat' dir='ltr'><strong>apud</strong></span> <span class='ocrx_word' id='word_1_269' title='bbox 1233 2214 1399 2266; x_wconf 72' lang='lat' dir='ltr'><strong>veteres</strong></span> <span class='ocrx_word' id='word_1_270' title='bbox 1422 2224 1467 2265; x_wconf 89' lang='lat' dir='ltr'><strong>in</strong></span> <span class='ocrx_word' id='word_1_271' title='bbox 1487 2225 1643 2266; x_wconf 83' lang='lat' dir='ltr'><strong>iustum</strong></span> <span class='ocrx_word' id='word_1_272' title='bbox 1667 2238 1718 2266; x_wconf 82' lang='lat' dir='ltr'><strong>ac</strong></span> <span class='ocrx_word' id='word_1_273' title='bbox 1738 2223 1842 2280; x_wconf 84' lang='lat' dir='ltr'><strong>legi-</strong></span> 
     </span>
     <span class='ocr_line' id='line_1_33' title="bbox 341 2287 1844 2348; baseline 0.004 -21"><span class='ocrx_word' id='word_1_274' title='bbox 341 2287 490 2328; x_wconf 87' lang='lat' dir='ltr'><strong>timum</strong></span> <span class='ocrx_word' id='word_1_275' title='bbox 523 2287 767 2341; x_wconf 86' lang='lat' dir='ltr'><strong>evaluisset,</strong></span> <span class='ocrx_word' id='word_1_276' title='bbox 798 2289 842 2329; x_wconf 87' lang='lat' dir='ltr'><strong>in</strong></span> <span class='ocrx_word' id='word_1_277' title='bbox 874 2304 956 2345; x_wconf 92' lang='lat' dir='ltr'><strong>quo</strong></span> <span class='ocrx_word' id='word_1_278' title='bbox 986 2304 1071 2330; x_wconf 89' lang='lat' dir='ltr'><strong>non</strong></span> <span class='ocrx_word' id='word_1_279' title='bbox 1102 2289 1249 2331; x_wconf 84' lang='lat' dir='ltr'><strong>addito</strong></span> <span class='ocrx_word' id='word_1_280' title='bbox 1279 2290 1432 2345; x_wconf 88' lang='lat' dir='ltr'><strong>gentili</strong></span> <span class='ocrx_word' id='word_1_281' title='bbox 1458 2291 1729 2347; x_wconf 86' lang='lat' dir='ltr'><strong>acquiescere</strong></span> <span class='ocrx_word' id='word_1_282' title='bbox 1748 2305 1844 2348; x_wconf 84' lang='lat' dir='ltr'><strong>pos·</strong></span> 
     </span>
    </p>
   </div>
   <div class='ocr_carea' id='block_1_6' title="bbox 338 2433 1899 2882">
    <p class='ocr_par' dir='ltr' id='par_1_7' title="bbox 341 2433 1899 2711">
     <span class='ocr_line' id='line_1_34' title="bbox 433 2433 1899 2489; baseline 0.003 -13"><span class='ocrx_word' id='word_1_283' title='bbox 433 2443 470 2483; x_wconf 81' lang='lat'><strong>*)</strong></span> <span class='ocrx_word' id='word_1_284' title='bbox 497 2443 552 2476; x_wconf 84' lang='lat' dir='ltr'><strong>cf.</strong></span> <span class='ocrx_word' id='word_1_285' title='bbox 578 2444 665 2477; x_wconf 77' lang='lat' dir='ltr'><strong>Tac.</strong></span> <span class='ocrx_word' id='word_1_286' title='bbox 691 2444 774 2477; x_wconf 81' lang='lat' dir='ltr'><strong>hist.</strong></span> <span class='ocrx_word' id='word_1_287' title='bbox 801 2447 835 2486; x_wconf 90' lang='grc'><strong>2,</strong></span> <span class='ocrx_word' id='word_1_288' title='bbox 861 2447 903 2478; x_wconf 86' lang='grc'><strong>92</strong></span> <span class='ocrx_word' id='word_1_289' title='bbox 927 2444 1195 2488; x_wconf 69' lang='lat' dir='ltr'><strong>Praeposuerat</strong></span> <span class='ocrx_word' id='word_1_290' title='bbox 1214 2446 1464 2489; x_wconf 61' lang='lat' dir='ltr'><strong>praetorianis</strong></span> <span class='ocrx_word' id='word_1_291' title='bbox 1487 2446 1532 2483; x_wconf 85' lang='grc' dir='ltr'><strong>Ρ.</strong></span> <span class='ocrx_word' id='word_1_292' title='bbox 1557 2446 1752 2489; x_wconf 72' lang='lat' dir='ltr'><strong>Sabinum,</strong></span> <span class='ocrx_word' id='word_1_293' title='bbox 1781 2447 1843 2481; x_wconf 81' lang='lat' dir='ltr'><strong>ubi</strong></span> <span class='ocrx_word' id='word_1_294' title='bbox 1894 2433 1899 2441; x_wconf 50' lang='lat'><strong><em>¹</em></strong></span> 
     </span>
     <span class='ocr_line' id='line_1_35' title="bbox 344 2496 1844 2545; baseline 0.005 -16"><span class='ocrx_word' id='word_1_295' title='bbox 344 2496 552 2531; x_wconf 74' lang='lat' dir='ltr'><strong>Publilium</strong></span> <span class='ocrx_word' id='word_1_296' title='bbox 576 2499 838 2532; x_wconf 80' lang='lat' dir='ltr'><strong>emendandum</strong></span> <span class='ocrx_word' id='word_1_297' title='bbox 864 2511 942 2533; x_wconf 83' lang='lat' dir='ltr'><strong>esse</strong></span> <span class='ocrx_word' id='word_1_298' title='bbox 967 2501 1048 2536; x_wconf 82' lang='lat' dir='ltr'><strong>coll.</strong></span> <span class='ocrx_word' id='word_1_299' title='bbox 1074 2502 1156 2534; x_wconf 77' lang='lat' dir='ltr'><strong>hist.</strong></span> <span class='ocrx_word' id='word_1_300' title='bbox 1182 2504 1220 2544; x_wconf 89' lang='grc'><strong>3,</strong></span> <span class='ocrx_word' id='word_1_301' title='bbox 1246 2504 1289 2534; x_wconf 82' lang='grc'><strong>36</strong></span> <span class='ocrx_word' id='word_1_302' title='bbox 1312 2501 1516 2536; x_wconf 74' lang='lat' dir='ltr'><strong>Publilium</strong></span> <span class='ocrx_word' id='word_1_303' title='bbox 1541 2500 1719 2536; x_wconf 72' lang='lat' dir='ltr'><strong>Saln&#39;num</strong></span> <span class='ocrx_word' id='word_1_304' title='bbox 1736 2511 1844 2545; x_wconf 75' lang='lat' dir='ltr'><strong>prae·</strong></span> 
     </span>
     <span class='ocr_line' id='line_1_36' title="bbox 341 2551 1844 2600; baseline 0.005 -16"><span class='ocrx_word' id='word_1_305' title='bbox 341 2551 429 2585; x_wconf 69' lang='lat' dir='ltr'><strong>terii</strong></span> <span class='ocrx_word' id='word_1_306' title='bbox 456 2551 679 2594; x_wconf 76' lang='lat' dir='ltr'><strong>praefectum</strong></span> <span class='ocrx_word' id='word_1_307' title='bbox 712 2555 845 2597; x_wconf 83' lang='lat' dir='ltr'><strong>primus</strong></span> <span class='ocrx_word' id='word_1_308' title='bbox 875 2556 966 2588; x_wconf 82' lang='lat' dir='ltr'><strong>vidit</strong></span> <span class='ocrx_word' id='word_1_309' title='bbox 997 2556 1176 2589; x_wconf 76' lang='lat' dir='ltr'><strong>Halmius.</strong></span> <span class='ocrx_word' id='word_1_310' title='bbox 1223 2558 1327 2600; x_wconf 83' lang='lat' dir='ltr'><strong>Apud</strong></span> <span class='ocrx_word' id='word_1_311' title='bbox 1354 2558 1436 2591; x_wconf 85' lang='lat' dir='ltr'><strong>Liv.</strong></span> <span class='ocrx_word' id='word_1_312' title='bbox 1463 2560 1520 2599; x_wconf 87' lang='lat'><strong>10,</strong></span> <span class='ocrx_word' id='word_1_313' title='bbox 1545 2560 1584 2599; x_wconf 83' lang='lat'><strong>9,</strong></span> <span class='ocrx_word' id='word_1_314' title='bbox 1609 2560 1629 2591; x_wconf 83' lang='lat'><strong>2</strong></span> <span class='ocrx_word' id='word_1_315' title='bbox 1657 2556 1844 2591; x_wconf 72' lang='lat' dir='ltr'><strong>Publilius</strong></span> 
     </span>
     <span class='ocr_line' id='line_1_37' title="bbox 347 2608 1862 2655; baseline 0.006 -17"><span class='ocrx_word' id='word_1_316' title='bbox 347 2608 503 2641; x_wconf 81' lang='lat' dir='ltr'><strong>debetur</strong></span> <span class='ocrx_word' id='word_1_317' title='bbox 528 2609 718 2650; x_wconf 75' lang='lat' dir='ltr'><strong>Glareano,</strong></span> <span class='ocrx_word' id='word_1_318' title='bbox 745 2610 840 2652; x_wconf 81' lang='lat' dir='ltr'><strong>apud</strong></span> <span class='ocrx_word' id='word_1_319' title='bbox 866 2610 942 2643; x_wconf 87' lang='lat' dir='ltr'><strong>Cic.</strong></span> <span class='ocrx_word' id='word_1_320' title='bbox 967 2612 1071 2654; x_wconf 81' lang='lat' dir='ltr'><strong>epist.</strong></span> <span class='ocrx_word' id='word_1_321' title='bbox 1099 2612 1144 2644; x_wconf 78' lang='lat' dir='ltr'><strong>ad</strong></span> <span class='ocrx_word' id='word_1_322' title='bbox 1167 2613 1278 2645; x_wconf 77' lang='lat' dir='ltr'><strong>Attio.</strong></span> <span class='ocrx_word' id='word_1_323' title='bbox 1305 2615 1358 2654; x_wconf 93' lang='grc'><strong>12,</strong></span> <span class='ocrx_word' id='word_1_324' title='bbox 1383 2615 1438 2655; x_wconf 79' lang='grc'><strong>24,</strong></span> <span class='ocrx_word' id='word_1_325' title='bbox 1466 2615 1493 2647; x_wconf 86' lang='lat'><strong>1.</strong></span> <span class='ocrx_word' id='word_1_326' title='bbox 1518 2615 1571 2655; x_wconf 75' lang='lat'><strong>12,</strong></span> <span class='ocrx_word' id='word_1_327' title='bbox 1595 2614 1650 2651; x_wconf 83' lang='grc'><strong>28,</strong></span> <span class='ocrx_word' id='word_1_328' title='bbox 1675 2614 1696 2645; x_wconf 91' lang='grc'><strong>2</strong></span> <span class='ocrx_word' id='word_1_329' title='bbox 1718 2614 1862 2654; x_wconf 78' lang='lat' dir='ltr'><strong>Bosi0,&#39;</strong></span> 
     </span>
     <span class='ocr_line' id='line_1_38' title="bbox 341 2663 1544 2711; baseline 0.006 -17"><span class='ocrx_word' id='word_1_330' title='bbox 341 2667 380 2695; x_wconf 86' lang='lat' dir='ltr'><strong>ut</strong></span> <span class='ocrx_word' id='word_1_331' title='bbox 403 2663 494 2696; x_wconf 82' lang='lat' dir='ltr'><strong>nihil</strong></span> <span class='ocrx_word' id='word_1_332' title='bbox 521 2663 636 2696; x_wconf 78' lang='lat' dir='ltr'><strong>dicam</strong></span> <span class='ocrx_word' id='word_1_333' title='bbox 662 2664 705 2697; x_wconf 87' lang='lat' dir='ltr'><strong>de</strong></span> <span class='ocrx_word' id='word_1_334' title='bbox 729 2665 874 2698; x_wconf 87' lang='lat' dir='ltr'><strong>Lucilio</strong></span> <span class='ocrx_word' id='word_1_335' title='bbox 900 2668 1103 2700; x_wconf 83' lang='lat' dir='ltr'><strong>sexcenties</strong></span> <span class='ocrx_word' id='word_1_336' title='bbox 1127 2667 1163 2699; x_wconf 87' lang='lat' dir='ltr'><strong>in</strong></span> <span class='ocrx_word' id='word_1_337' title='bbox 1189 2668 1339 2701; x_wconf 81' lang='lat' dir='ltr'><strong>Lucium</strong></span> <span class='ocrx_word' id='word_1_338' title='bbox 1366 2671 1544 2711; x_wconf 77' lang='lat' dir='ltr'><strong>corrupto.</strong></span> 
     </span>
    </p>

    <p class='ocr_par' dir='ltr' id='par_1_8' title="bbox 338 2716 1841 2882">
     <span class='ocr_line' id='line_1_39' title="bbox 403 2716 1839 2772; baseline 0.004 -17"><span class='ocrx_word' id='word_1_339' title='bbox 403 2723 459 2764; x_wconf 77' lang='grc'><strong>**)</strong></span> <span class='ocrx_word' id='word_1_340' title='bbox 484 2716 656 2757; x_wconf 81' lang='lat' dir='ltr'><strong>Similiter</strong></span> <span class='ocrx_word' id='word_1_341' title='bbox 687 2726 781 2767; x_wconf 75' lang='lat' dir='ltr'><strong>apud</strong></span> <span class='ocrx_word' id='word_1_342' title='bbox 813 2727 977 2759; x_wconf 75' lang='lat' dir='ltr'><strong>Tacitum</strong></span> <span class='ocrx_word' id='word_1_343' title='bbox 1005 2729 1064 2768; x_wconf 88' lang='grc'><strong>13,</strong></span> <span class='ocrx_word' id='word_1_344' title='bbox 1092 2729 1111 2759; x_wconf 87' lang='grc'><strong>7</strong></span> <span class='ocrx_word' id='word_1_345' title='bbox 1135 2725 1274 2761; x_wconf 76' lang='lat' dir='ltr'><strong>iochum</strong></span> <span class='ocrx_word' id='word_1_346' title='bbox 1306 2730 1479 2772; x_wconf 80' lang='lat' dir='ltr'><strong>scriptum</strong></span> <span class='ocrx_word' id='word_1_347' title='bbox 1513 2732 1568 2761; x_wconf 77' lang='lat' dir='ltr'><strong>est</strong></span> <span class='ocrx_word' id='word_1_348' title='bbox 1597 2729 1634 2760; x_wconf 89' lang='lat' dir='ltr'><strong>in</strong></span> <span class='ocrx_word' id='word_1_349' title='bbox 1658 2728 1839 2769; x_wconf 83' lang='lat' dir='ltr'><strong>Mediceo,</strong></span> 
     </span>
     <span class='ocr_line' id='line_1_40' title="bbox 344 2780 1841 2824; baseline 0.004 -14"><span class='ocrx_word' id='word_1_350' title='bbox 344 2782 443 2811; x_wconf 79' lang='lat' dir='ltr'><strong>recte</strong></span> <span class='ocrx_word' id='word_1_351' title='bbox 477 2780 513 2811; x_wconf 86' lang='lat' dir='ltr'><strong>in</strong></span> <span class='ocrx_word' id='word_1_352' title='bbox 546 2780 765 2813; x_wconf 81' lang='lat' dir='ltr'><strong>editionibus</strong></span> <span class='ocrx_word' id='word_1_353' title='bbox 797 2780 1025 2815; x_wconf 71' lang='lat' dir='ltr'><strong>Antiochum.</strong></span> <span class='ocrx_word' id='word_1_354' title='bbox 1074 2783 1176 2824; x_wconf 85' lang='lat' dir='ltr'><strong>Quod</strong></span> <span class='ocrx_word' id='word_1_355' title='bbox 1206 2783 1251 2815; x_wconf 80' lang='lat' dir='ltr'><strong>ad</strong></span> <span class='ocrx_word' id='word_1_356' title='bbox 1283 2794 1356 2816; x_wconf 81' lang='lat' dir='ltr'><strong>rem</strong></span> <span class='ocrx_word' id='word_1_357' title='bbox 1388 2783 1539 2824; x_wconf 75' lang='lat' dir='ltr'><strong>attinet,</strong></span> <span class='ocrx_word' id='word_1_358' title='bbox 1568 2782 1662 2815; x_wconf 79' lang='lat' dir='ltr'><strong>haud</strong></span> <span class='ocrx_word' id='word_1_359' title='bbox 1686 2782 1841 2816; x_wconf 68' lang='lat' dir='ltr'><strong>absurda</strong></span> 
     </span>
     <span class='ocr_line' id='line_1_41' title="bbox 338 2834 1840 2882; baseline 0.004 -17"><span class='ocrx_word' id='word_1_360' title='bbox 338 2837 393 2865; x_wconf 78' lang='lat' dir='ltr'><strong>est</strong></span> <span class='ocrx_word' id='word_1_361' title='bbox 410 2834 619 2867; x_wconf 77' lang='lat' dir='ltr'><strong>coniectura</strong></span> <span class='ocrx_word' id='word_1_362' title='bbox 636 2835 831 2868; x_wconf 82' lang='lat' dir='ltr'><strong>Publilium</strong></span> <span class='ocrx_word' id='word_1_363' title='bbox 854 2837 967 2870; x_wconf 79' lang='lat' dir='ltr'><strong>fuisse</strong></span> <span class='ocrx_word' id='word_1_364' title='bbox 986 2837 1193 2880; x_wconf 82' lang='lat' dir='ltr'><strong>popularem</strong></span> <span class='ocrx_word' id='word_1_365' title='bbox 1213 2838 1382 2880; x_wconf 73' lang='lat' dir='ltr'><strong>Archiae,</strong></span> <span class='ocrx_word' id='word_1_366' title='bbox 1404 2838 1449 2870; x_wconf 87' lang='lat' dir='ltr'><strong>de</strong></span> <span class='ocrx_word' id='word_1_367' title='bbox 1467 2848 1535 2880; x_wconf 88' lang='lat' dir='ltr'><strong>qno</strong></span> <span class='ocrx_word' id='word_1_368' title='bbox 1553 2838 1603 2874; x_wconf 83' lang='lat' dir='ltr'><strong>cs.</strong></span> <span class='ocrx_word' id='word_1_369' title='bbox 1622 2839 1718 2871; x_wconf 80' lang='lat' dir='ltr'><strong>infra</strong></span> <span class='ocrx_word' id='word_1_370' title='bbox 1734 2849 1792 2882; x_wconf 78' lang='lat' dir='ltr'><strong>pg.</strong></span> <span class='ocrx_word' id='word_1_371' title='bbox 1807 2840 1840 2872; x_wconf 77' lang='lat'><strong>9.</strong></span> 
     </span>
    </p>
   </div>
  </div>
 </body>
</html>
