1956 3308
723 186 1085 219 PROLEGOMENA.
1610 180 1663 222 41

145 303 247 332 nem
276 286 441 343 delabi,
480 289 604 345 quasi
635 287 800 331 Seneca
828 304 917 332 non
947 289 1086 333 solum
1114 305 1251 349 nuper
1280 291 1548 346 additarum,
1589 293 1666 335 sed

60 379 65 406 ·;
86 363 113 409 ..g
146 356 337 400 omnium
364 363 514 400 auctor
535 363 651 400 esset
670 359 996 400 sententiarum.
1055 359 1241 402 Accedit
1267 359 1384 416 quod
1405 359 1580 415 Seneca,
1610 361 1666 402 ab

54 475 55 478 Ἴ
147 423 416 481 Hieronymo
460 425 506 466 in
545 425 791 482 catalogum
829 426 1086 469 Sanctorum
1122 433 1321 484 receptus
1366 427 1421 470 ob
1460 428 1666 485 epistulas

54 531 55 534 ,
88 546 89 549 ¹
144 491 264 547 illas,
302 505 409 549 quas
439 492 496 534 ad
525 493 709 535 Paulum
736 492 979 550 apostolum
1008 493 1183 540 dedisse
1213 494 1492 551 credebatur,
1522 511 1665 538 mona-

61 563 67 574 '
147 559 240 603 chis
266 558 402 602 medii
431 560 530 602 aevi
560 560 705 604 multis
736 561 895 603 litteris
925 562 989 604 ita
1019 562 1347 605 commendatus
1378 570 1490 618 erat,
1529 570 1577 606 ut
1606 564 1667 605 fa-

147 626 246 682 cile,
277 627 492 685 quidquid
521 627 578 669 ad
608 628 927 686 philosophiam
955 629 1162 671 moralem
1191 631 1442 687 spectabat,
1471 632 1561 674 eius
1592 646 1664 673 no-

145 696 254 741 mini
281 694 474 740 adscribi
495 697 690 752 potuisse
710 697 793 739 tibi
813 697 1091 758 persuadeas.
1151 698 1366 756 Exemplo
1387 700 1444 741 sit
1467 700 1560 756 ipse
1580 698 1665 751 ille,
1719 700 1722 708 '

103 773 108 780 ’
147 764 222 821 qui
257 763 419 806 dicitur
453 762 567 805 liber
604 764 658 805 de
695 764 902 807 moribus.
962 765 1119 807 Utrum
1153 765 1341 809 Senecae
1380 767 1666 824 patrocinium

147 830 364 894 quoddam
406 830 489 873 hoc
524 830 771 886 addiderit,
817 831 934 889 quod
974 847 1016 874 v,
1051 833 1072 874 1
1105 839 1148 874 et
1176 833 1204 875 2
1233 833 1414 875 Publilii
1450 849 1477 875 a
1507 834 1669 876 Seneca

148 899 275 956 epist.
307 899 354 953 8,
386 898 412 941 8
443 904 486 940 et
517 899 593 954 94,
623 900 680 942 43
710 899 963 955 laudantur,
1004 915 1060 942 an
1089 901 1234 957 potius
1271 900 1338 943 illi
1375 915 1527 943 versus
1557 901 1669 943 hanc

147 967 203 1011 ob
233 980 406 1009 causam
434 966 491 1009 ab
520 966 693 1009 homine
723 968 909 1024 quodam
940 968 1067 1011 docto
1087 969 1213 1011 initio
1234 969 1365 1025 positi
1385 968 1563 1024 fuerint,
1586 984 1669 1026 quo

148 1035 336 1079 Senecae
364 1035 615 1092 auctoritati
644 1034 776 1077 fidem
805 1035 1061 1092 adderet*),
1093 1035 1141 1078 id
1170 1038 1247 1079 vix
1277 1037 1418 1078 ausim
1446 1052 1523 1094 pro
1553 1043 1669 1078 certo

147 1097 400 1148 diiudicare.
458 1089 682 1144 Postremo
714 1102 886 1146 silentio
915 1119 1002 1146 non
1031 1103 1392 1163 praetereundum
1414 1110 1492 1159 est,
1523 1119 1669 1148 mona—

147 1170 250 1214 chos
280 1176 323 1212 et
352 1175 527 1213 sanctae
557 1170 766 1212 ecclesiae
795 1178 955 1229 patres,
987 1186 1083 1214 cum
1103 1171 1284 1214 Publilii
1312 1173 1472 1229 pagani
1500 1178 1668 1214 senten-

146 1240 228 1282 tias
250 1238 423 1296 saepius
443 1238 491 1280 in
510 1253 637 1281 usum
660 1253 785 1280 suurn
806 1245 1123 1294 converterent,
1146 1254 1216 1282 eas
1238 1239 1424 1282 sortasse
1443 1255 1470 1281 a
1486 1239 1665 1292 Seneca,

147 1306 406 1349 christianae
442 1305 546 1348 fidei
582 1313 631 1348 ut
667 1307 879 1364 putabant
909 1307 1108 1362 addicto,
1154 1306 1225 1348 vel
1255 1313 1371 1349 certe
1401 1307 1534 1350 Paulo
1564 1308 1667 1349 ami-

147 1375 335 1429 cissimo,
366 1374 583 1431 profectas
616 1389 710 1416 esse
739 1380 930 1417 statuere
959 1375 1179 1418 maluisse.

258 1443 326 1485 Ac
355 1442 463 1484 vicit
483 1442 590 1484 haec
610 1444 842 1500 sententia,
873 1444 1072 1500 quamvis
1095 1444 1152 1486 sit
1172 1441 1296 1484 falsa.
1355 1442 1506 1499 Neque
1526 1449 1670 1485 tamen

146 1509 392 1563 defuerunt,
415 1510 489 1566 qui
518 1510 710 1565 incertae
731 1513 1004 1554 coniecturae
1029 1510 1292 1553 diffiderent.
1345 1510 1399 1553 In
1419 1510 1569 1567 primis
1591 1511 1668 1551 mi-

145 1593 241 1621 rum
281 1577 454 1620 videtur
492 1577 687 1620 codicem
716 1579 1003 1621 Basiliensem
1040 1579 1322 1636 inscriptione
1351 1577 1479 1635 plane
1509 1592 1669 1630 carere,

147 1647 251 1690 item
279 1644 476 1688 codicem
506 1646 845 1712 Frisingcnsem,
878 1646 1275 1699 Vindobonensem,
1307 1647 1525 1703 epitomen
1550 1645 1669 1686 Pa1i-
1685 1682 1689 1689 .

128 1704 286 1756 ‘sinam
315 1712 478 1756 saeculi
506 1713 748 1769 undecimi3
791 1714 1047 1771 saeculoque
1078 1713 1211 1756 XIII.
1242 1713 1498 1755 Vincentius
1528 1711 1669 1755 Bello—

145 1781 344 1824 vacensis
376 1781 551 1824 easdem
580 1781 677 1824 illas
709 1783 960 1837 sententias,
993 1797 1102 1840 quae
1133 1783 1179 1823 in
1199 1781 1349 1824 codice
1368 1780 1668 1837 antiquissimo

146 1850 346 1893 Parisino
377 1848 569 1892 Senecae
598 1850 920 1904 inscribuntur,
953 1857 995 1893 et
1025 1849 1293 1892 Publilianas
1326 1855 1367 1891 et
1397 1847 1668 1900 subditicias,

114 1922 120 1929 ⁸
145 1917 270 1971 affert
297 1923 517 1974 tamquam
548 1932 597 1974 eqo
617 1919 853 1973 proverbiis
891 1918 1137 1972 Sapienti
1147 1917 1303 1972 umffi)
1333 1917 1514 1974 petitas,
1554 1914 1669 1957 haud

146 1985 315 2040 inscite,
347 1985 384 2027 si
415 1985 592 2042 quidem
624 2000 696 2028 eas
727 2001 814 2028 non
843 1987 919 2028 uni
942 1986 1109 2027 auctori
1129 1984 1279 2027 deberi
1299 1990 1416 2026 recte
1436 1982 1668 2025 intellexit.

258 2052 456 2096 Tertium
487 2052 676 2110 denique
705 2068 843 2110 genus
875 2059 947 2105 est⁸
971 2067 1138 2106 eorum,
1179 2053 1275 2109 qui,
1307 2066 1404 2093 cum
1434 2048 1668 2092 Publilium

145 2120 406 2164 testimoniis
437 2126 634 2164 veterum
664 2129 912 2176 auctorum,
945 2120 1154 2164 Senecam
1184 2119 1381 2162 codicum
1410 2117 1668 2160 auctoritate

149 2187 494 2232 commendatum
524 2188 740 2244 viderent,
773 2190 1085 2232 sententiarum
1115 2188 1327 2243 originem
1355 2186 1411 2228 ad
1441 2192 1669 2241 utrumque

146 2256 359 2300 referrent
389 2261 432 2298 et
463 2255 671 2300 Senecam
701 2272 872 2315 quoque
902 2255 1219 2314 philosophum,
1252 2255 1306 2296 de
1328 2269 1412 2311 qua
1431 2268 1478 2295 re
1497 2251 1670 2294 aliunde

95 2334 103 2344 “
147 2339 234 2368 non
271 2328 461 2378 constat,
500 2324 656 2367 mimos
693 2324 764 2367 vel
803 2331 920 2367 certe
957 2324 1193 2366 sententias
1232 2321 1472 2378 singulares
1503 2335 1669 2377 compo-

238 2485 274 2527 *)
300 2485 423 2518 Etiam
448 2484 587 2519 codicis
602 2486 765 2519 Parisini
782 2486 871 2519 8049
896 2485 1011 2527 prima
1036 2483 1234 2520 sententia,
1259 2479 1414 2523 Λαΐαν-η’
1432 2481 1550 2523 potest
1574 2477 1670 2522 quod

149 2541 236 2576 dari
252 2544 390 2587 potuit,
417 2556 460 2578 ex
478 2545 621 2578 Seneca
647 2546 705 2576 est
728 2542 920 2584 desumpta
946 2540 1052 2583 epist.
1070 2541 1102 2581 8,
1122 2541 1174 2579 10,
1199 2539 1285 2571 item
1311 2537 1472 2571 secunda
1497 2546 1541 2568 ac
1558 2536 1669 2568 tertia

147 2613 192 2627 =
216 2610 250 2635 V.
278 2602 310 2635 1.
335 2604 356 2635 2
381 2595 528 2635 nostrae
554 2599 738 2634 editionis.

79 2694 82 2696 ,
215 2655 276 2698 **)
300 2656 405 2699 Ideni
432 2661 556 2691 tamen
588 2666 660 2688 uno
691 2654 750 2687 vel
782 2653 900 2686 altero
931 2653 1011 2686 loco
1037 2663 1058 2685 a
1082 2651 1228 2693 vulgari
1258 2650 1428 2693 opinione
1454 2659 1523 2681 non
1550 2658 1667 2681 reces-

149 2712 241 2746 sisse
273 2713 438 2755 videtur,
471 2725 528 2749 ex,
553 2723 608 2756 gr.
637 2721 737 2756 spec.
766 2709 880 2742 doctr.
904 2710 942 2748 4,
971 2710 1050 2746 115,
1084 2708 1147 2740 ubi
1178 2707 1329 2749 legitur:
1367 2703 1429 2738 Ex
1452 2713 1556 2746 prov.
1581 2701 1668 2746 Sap.

150 2764 355 2811 Difficilem
385 2771 525 2812 oportet
553 2766 681 2801 habere
711 2774 836 2799 aurem
860 2762 911 2797 ad
935 2762 1102 2797 crimina.
1150 2761 1254 2795 Idem
1279 2759 1330 2794 ad
1355 2759 1542 2794 Lucilium
1567 2759 1669 2802 epist.

149 2825 181 2857 3.
206 2825 268 2858 etc.
317 2825 424 2868 Spec.
450 2825 545 2859 doct.
563 2827 593 2864 3,
614 2824 673 2855 171
703 2822 814 2854 editio
839 2822 982 2854 Veneta
1009 2820 1095 2852 anni
1120 2820 1204 2852 1494
1230 2818 1358 2851 habet:
1385 2814 1448 2850 Ex
1465 2814 1669 2859 proverbiis

149 2877 316 2922 Senecae,
339 2879 509 2915 Nimium
533 2876 746 2918 altercando
770 2875 906 2911 veritas
929 2874 1127 2918 amittitur,
1150 2888 1194 2901 =
1219 2885 1253 2909 v.
1278 2874 1376 2910 416..
