1956 3308
607 285 811 316 Pnnmnn
843 286 945 318 sym
978 287 1282 319 senmurum..
1646 280 1699 322 87

293 385 575 428 Maledictum
605 387 930 444 interpretando
960 388 1094 430 facias
1122 389 1280 431 acrius.

290 453 407 496 Male
437 468 584 495 secum
613 455 704 510 agit
733 469 875 511 aeger,
907 456 1123 499 medicum
1153 457 1227 513 qui
1257 456 1458 499 heredem
1491 457 1609 500 facit.

291 521 436 563 Minus
467 520 697 579 decipitur,
730 525 797 564 cui
828 531 1011 579 negatur
1042 523 1251 566 celeriter.

290 587 435 630 Mutat
464 603 510 630 se
540 588 712 632 bonitas
743 591 919 632 inritata
950 591 1122 632 iniuria.

178 660 259 698 335
290 655 449 698 Mulier
477 671 577 698 cum
607 655 698 699 sola
728 657 905 712 cogitat,
937 657 1047 700 male
1079 659 1254 715 cogitat.

288 723 406 766 Male
435 723 579 766 facere
609 724 684 780 qui
713 723 823 779 vult,
855 739 1087 782 numquam
1117 740 1202 774 non
1233 740 1403 767 causam
1434 727 1616 778 invenit.

289 789 525 833 Malivolus
556 805 723 848 semper
752 806 828 834 sua
857 799 1010 834 natura
1041 794 1244 835 vescitur.

286 858 450 900 Multos
481 859 633 900 timere
664 858 808 912 debet,
839 874 967 916 quem
996 859 1122 902 multi
1151 860 1319 902 timent.

287 924 404 968 Male
434 925 686 983 imperando
717 941 932 968 summum
962 928 1193 984 imperium
1223 928 1452 970 amittitur.

175 997 258 1035 340
287 992 462 1047 Mulier,
494 1007 603 1050 quae
633 993 780 1036 multis
811 994 950 1048 nubit,
981 993 1128 1036 multis
1159 1010 1246 1037 non
1276 995 1432 1052 placet.

286 1059 521 1102 Malivolus
550 1061 719 1102 animus
749 1061 922 1104 abditos
954 1061 1105 1104 dentes
1137 1061 1282 1104 habet.

286 1127 507 1170 Medicina
537 1127 795 1170 calamitatis
826 1135 892 1171 est
921 1130 1252 1186 aequanimitas.

286 1194 516 1238 Muliebris
547 1194 726 1236 lacrima
756 1195 1079 1238 condimentum
1110 1204 1175 1238 est
1204 1195 1409 1239 malitiae.

286 1263 452 1305 Metum
480 1263 696 1319 respicere
726 1278 812 1305 non
841 1262 951 1305 solet
982 1262 1195 1320 quidquid
1226 1266 1360 1307 iuvat.

174 1335 254 1373 345
286 1330 403 1373 Malo
435 1330 565 1372 etiam
595 1344 762 1387 parcas,
794 1332 831 1373 si
859 1346 946 1373 una
976 1338 1041 1374 est
1072 1333 1289 1388 periturus
1320 1331 1472 1374 bonus.

285 1397 495 1453 Magnum
525 1397 687 1439 crimen
716 1412 863 1440 secum
891 1397 1035 1440 adfert
1064 1398 1319 1455 indignatio.

285 1463 428 1507 Malus
459 1466 542 1507 etsi
572 1464 726 1508 obesse
756 1481 843 1508 non
871 1472 986 1523 pote,
1018 1472 1163 1508 tamen
1194 1468 1369 1522 cogitat.

174 1683 352 1710 CODICES
374 1685 405 1709 v.
430 1673 671 1711 309—340:
702 1673 814 1710 PRF
830 1672 975 1721 (TEC),
1006 1684 1038 1712 v.
1062 1673 1303 1711 341—376:
1334 1673 1455 1721 1741’)

284 1774 363 1811 331
399 1773 458 1822 Cf.
482 1787 514 1812 v.
539 1774 618 1811 252
735 1774 960 1811 maledictum
982 1774 1072 1811 male
1093 1775 1364 1822 interpretando
1387 1774 1416 1812 C
1518 1774 1628 1812 facies
1652 1776 1692 1822 C,

172 1832 361 1867 Erasmus
501 1832 622 1880 agrius
645 1831 680 1867 P
821 1830 900 1868 332
932 1841 1040 1879 aeger
1069 1843 1138 1867 om.
1169 1832 1250 1867 cod.
1277 1831 1554 1869 Pantlzaleom's

150 1887 253 1927 ,333
284 1887 450 1924 celeriter
470 1893 624 1936 negatur
649 1887 710 1924 TC
829 1886 910 1924 334
940 1887 1083 1923 inritata
1115 1886 1229 1935 (quod
1240 1899 1317 1934 pro
1338 1891 1568 1925 nominativo
1590 1892 1692 1926 acce·-

169 1942 250 1991 pio)
270 1943 471 1980 Pithoeus:
501 1955 582 1980 cum
609 1944 776 1980 inritatur
797 1944 887 1990 PR,
920 1954 1000 1979 cum
1020 1945 1182 1980 irritatur
1202 1942 1286 1990 FC,
1308 1955 1388 1980 cum
1407 1946 1588 1993 irrogatur
1610 1947 1692 1982 cod.

171 2001 472 2042 Penthaleoni35
502 2011 582 2036 cum
610 2001 730 2036 irrites
754 2001 942 2037 Erasmus
1002 2018 1019 2034 e».
1058 2000 1138 2036 335
1172 1999 1202 2035 C
1238 2000 1341 2037 Vinc.
1371 2001 1469 2038 Bell.
1499 2011 1557 2048 sp.
1586 2003 1622 2038 cI.
1653 2002 1692 2048 5,

119 2090 125 2093 .
174 2057 248 2103 10,
276 2066 335 2103 sp.
366 2068 404 2093 n.
436 2056 510 2103 31,
538 2056 614 2093 115
731 2056 811 2093 336
842 2067 1036 2105 numquam
1071 2067 1143 2092 non
1173 2067 1203 2092 c.
1233 2057 1271 2102 i.,
1307 2058 1433 2094 addito
1466 2057 1523 2093 alii
1552 2068 1691 2093 causam

170 2123 364 2160 numquam
392 2113 528 2149 invenit
547 2113 623 2150 Pb.-
654 2123 830 2160 nusquam
851 2123 924 2148 non
945 2113 982 2149 F
1001 2113 1208 2158 Erasmus,
1239 2123 1434 2160 numquam
1453 2114 1571 2158 PaR,
1600 2125 1691 2150 nou-

170 2179 353 2217 nunquam
386 2169 488 2205 Vinc.
512 2168 611 2206 Bell.
633 2180 690 2216 sp.
712 2170 748 2205 d.
770 2168 818 2215 4,
843 2168 936 2215 106,
957 2168 1038 2217 pius
1061 2179 1165 2216 quam
1188 2179 1260 2204 non
1281 2168 1356 2205 vult
1377 2170 1511 2205 invenit
1536 2167 1565 2204 C

171 2225 251 2262 337
283 2225 461 2261 nascitura
480 2224 538 2261 Pb
666 2230 830 2262 vescetur
851 2225 898 2271 F,
921 2225 1070 2261 vestitus
1094 2224 1123 2261 C
1253 2224 1333 2262 338
1365 2225 1506 2262 Similis
1528 2230 1584 2262 est
1606 2235 1689 2262 ver-

170 2292 237 2318 sus
257 2281 427 2327 Laberii,
459 2292 568 2328 quem
597 2284 634 2318 in
657 2281 861 2318 Caesarem
881 2282 1020 2318 dictum
1047 2282 1216 2328 populus
1243 2284 1413 2328 accepit,
1444 2281 1584 2327 (Macr.
1608 2281 1689 2318 Sat.

171 2337 210 2384 2,
234 2338 271 2383 7,
293 2336 333 2384 4)
355 2337 523 2374 ‘Necesse
544 2344 599 2374 est
621 2338 917 2385 multos‘timeat,
946 2348 1051 2385 quem
1073 2336 1176 2373 multi
1197 2338 1351 2374 timent’.
1412 2337 1470 2385 Cf.
1505 2339 1629 2375 Vellei.
1653 2338 1688 2383 2,

171 2394 223 2431 57
245 2394 292 2430 de
314 2393 485 2430 Caesare
514 2393 622 2430 ‘mori
650 2405 689 2430 se
711 2405 816 2442 quam
846 2395 970 2430 timere
991 2393 1112 2439 velle’,
1141 2394 1242 2431 Plut.
1265 2393 1373 2431 Caes.
1397 2394 1462 2430 57.
1535 2394 1691 2431 Versum

169 2451 429 2487 Laberianum
449 2450 612 2488 Publilio
641 2452 770 2487 tribuit
790 2451 960 2487 Ioannes
981 2449 1138 2489 saresb.
1159 2446 1299 2487 Polior.
1323 2450 1369 2496 8,
1395 2450 1458 2486 14.
1517 2451 1575 2487 De
1595 2463 1688 2488 mor.
1707 2459 1711 2466 “

173 2506 224 2544 62
256 2505 339 2550 ‘Qui
367 2517 385 2541 a
415 2505 535 2542 multis
564 2507 731 2553 timetur,
768 2506 902 2543 multos
933 2506 1064 2552 timet’,
1101 2507 1244 2543 Auson.
1286 2507 1361 2543 VII
1386 2506 1478 2554 Sap.
1508 2507 1687 2544 Periand.

170 2561 307 2599 ‘Multis
337 2561 505 2598 terribilis
535 2563 660 2598 timeto
689 2562 855 2609 multos’,
885 2562 999 2600 Solon
1028 2574 1092 2609 ap.
1114 2562 1249 2599 Antou.
1281 2562 1422 2599 Meliss.
1452 2573 1565 2598 serm.
1599 2558 1688 2609 περὶ

169 2614 376 2669 βασιλέως,
410 2618 524 2655 Orell.
547 2629 679 2665 opusc.
701 2630 795 2656 mor.
821 2619 865 2665 1,
889 2618 989 2665 162,
1014 2618 1063 2655 19
1187 2619 1266 2655 339
1299 2618 1366 2654 EC
1478 2617 1560 2655 340
1589 2619 1688 2655 nubit

169 2676 222 2712 F.-
243 2674 355 2712 nubet
375 2674 444 2711 PR
457 2690 468 2715 .·
498 2674 600 2711 nubit
621 2674 762 2721 multis,
794 2674 914 2711 multis
937 2685 1009 2711 non
1030 2674 1145 2722 placet
1168 2675 1356 2711 Erasmus
1470 2673 1547 2711 341
1584 2675 1689 2711 male-

170 2731 274 2768 volus
295 2732 461 2768 editores
575 2730 655 2767 342
687 2731 748 2777 Cf.
772 2743 804 2768 v.
829 2731 907 2767 657
1023 2729 1104 2767 343
1136 2742 1166 2766 c.
1188 2742 1234 2766 m.
1257 2736 1311 2767 est
1334 2731 1487 2776 Gruter,
1514 2735 1569 2766 est
1589 2742 1619 2767 c.
1641 2742 1686 2767 m.

171 2787 295 2825 Bothe
410 2786 490 2824 344
522 2786 649 2823 Metam
671 2786 822 2834 Miihly,
854 2791 971 2822 metus
993 2787 1140 2833 Meyer.
1201 2787 1260 2833 Cf.
1285 2787 1371 2823 Seu.
1403 2788 1448 2823 de
1476 2789 1536 2822 ira
1560 2787 1598 2834 2,
1620 2787 1687 2832 31,

171 2843 196 2880 5
218 2842 298 2880 ‘Ubi
327 2844 477 2880 maxime
506 2843 698 2892 gaudebis,
731 2843 879 2878 maxime
908 2841 1075 2878 metucs’.
1219 2842 1299 2879 345
1332 2842 1388 2890 Cf.
1411 2855 1443 2879 υ.
1467 2842 1547 2878 224

171 2898 252 2936 346
283 2910 410 2948 magna
437 2904 494 2936 est
521 2910 600 2935 cum
631 2900 763 2936 crimen
791 2898 907 2935 adfert
938 2898 1134 2947 indignatio
1167 2898 1285 2935 Bothe
1435 2898 1514 2935 347
1547 2899 1615 2935 elsi
1644 2926 1652 2934 .
1678 2926 1687 2936 .

171 2960 256 3003 pote
279 2956 441 2992 Gruter:
471 2956 576 2996 etiam
597 2957 627 2992 si
650 2984 658 2992 .
683 2983 691 2991 .
717 2961 838 3004 potest
859 2956 903 3001 F,
927 2960 1048 3003 potest
1070 2960 1139 2990 tam
1162 2957 1259 2992 coni.
1283 2954 1416 2991 Bothe.
