1956 3308
695 226 1058 259 PROLEGOMENA.
1579 223 1634 265 35

114 338 223 378 esse,
256 323 335 389 sed
362 323 465 366 inde
484 339 510 366 a
531 325 751 382 Scaligero
773 327 818 368 in
839 327 1094 370 Publilianis
1116 345 1306 387 quoque3
1337 332 1453 374 unde
1473 334 1632 376 factum

35 391 39 398 ’
76 400 77 405 ’
112 397 198 446 est,
228 398 278 434 ut
306 391 525 434 miscendo
556 392 668 435 falsa
697 400 741 436 et
770 409 889 450 vera,
921 410 1031 453 quae
1060 397 1110 438 in·
1135 397 1360 441 codicibus
1391 407 1512 443 erant
1541 402 1631 443 suis

77 478 82 484 ·
110 457 216 502 locis
246 458 449 513 discreta,
478 461 525 502 in
553 476 687 504 unum
716 463 859 504 omnia
886 463 1136 507 conflarent.
1194 465 1306 507 Nam
1333 466 1372 508 si
1401 468 1634 524 quisseor-

109 526 196 578 sim
235 525 332 570 illas
371 526 581 570 edidisset
621 535 793 572 servato
833 544 883 572 eo
921 531 1094 586 ordine,
1133 547 1218 589 quo
1255 533 1302 574 in
1331 533 1555 578 codicibus
1586 551 1632 578 sc

112 594 349 651 excipiunt,
380 595 460 636 vix
490 594 642 639 dubito
674 598 780 653 quin
808 596 967 654 aliquis
998 605 1114 641 certe
1143 600 1359 643 extiturus
1380 601 1526 657 fuerit,
1558 604 1631 659 qui

109 661 306 703 nativum
339 663 607 704 senariorum
636 663 823 706 colorem
851 679 878 706 a
907 667 1136 709 sententiis
1167 682 1244 724 per
1275 668 1364 709 vim
1393 668 1451 710 ad
1481 671 1631 712 carmi-

109 743 213 771 num
242 728 426 771 formam
455 729 638 773 detortis
669 731 948 775 discerneret.

221 796 283 838 At
311 796 421 839 mihi
449 796 578 854 longe
606 797 692 840 alia
720 813 841 842 mens
873 806 952 842 est.
1012 801 1104 843 Iam
1134 801 1250 859 quod
1280 803 1326 845 in
1355 804 1527 860 optimis
1559 819 1630 847 co-

110 862 281 906 dicibus
313 870 512 907 servatae
541 872 642 908 sunt
669 865 770 908 illae
790 869 1044 921 sententiae,
1075 868 1176 911 hinc
1196 877 1312 913 certe
1332 885 1387 913 ne
1406 873 1631 915 minimum

110 930 286 988 quidem
315 932 587 975 auctoritatis
618 933 672 975 iis
693 933 947 977 adcrescere
966 935 1094 978 facile
1113 937 1394 994 intellegitur,
1426 940 1463 981 si
1491 946 1630 982 tecum

108 997 401 1055 reputaveris,
434 999 607 1042 demum
637 1015 664 1042 a
693 1000 839 1043 littera
859 1002 917 1054 N,
948 1017 1032 1060 quo
1061 1004 1156 1061 ipso
1186 1003 1280 1047 loco
1309 1020 1462 1049 versus
1483 1007 1629 1051 Publi-

108 1064 214 1108 liani
244 1067 291 1108 in
319 1067 519 1109 omnibus
550 1067 675 1110 libris
698 1077 879 1127 excepto
900 1070 991 1112 fere
1010 1086 1095 1114 uno
1116 1071 1153 1113 F
1155 1073 1389 1128 risingensi
1410 1073 1630 1130 deficiunt,

108 1134 346 1186 sententias
375 1133 463 1190 legi
493 1135 720 1192 rythmicis
750 1137 941 1180 numeris
972 1145 1182 1182 carentes.
1242 1140 1350 1193 Quis
1380 1155 1467 1183 non
1494 1142 1629 1196 videt,

108 1201 338 1259 postquam
367 1203 581 1258 posterior
610 1209 710 1260 pars
741 1205 1051 1248 sententiarum
1080 1207 1383 1261 interciderat,
1423 1209 1629 1251 substitu-

107 1276 175 1311 tas
214 1283 286 1310 eas
326 1283 422 1311 esse
459 1269 518 1311 ad
553 1269 751 1312 lacunam
788 1271 1068 1329 explendam,
1109 1288 1207 1316 cum
1244 1277 1498 1330 praesertim
1527 1291 1630 1318 vere

107 1335 381 1379 Publilianae
402 1363 452 1367 -
476 1343 519 1379 et
550 1352 678 1394 quam
707 1338 806 1380 illae
827 1340 1025 1381 diversae
1047 1366 1097 1371 —
1120 1346 1270 1395 postea
1290 1341 1377 1383 sint
1400 1343 1629 1398 repertae?

107 1404 242 1446 Porro
271 1405 310 1446 si
339 1405 435 1461 quis
466 1405 744 1462 perpenderit
773 1407 886 1449 inter
915 1406 1011 1449 illas
1042 1409 1283 1450 sententias
1310 1423 1365 1450 ne
1385 1423 1513 1450 unam
1535 1411 1627 1466 qui-

107 1471 202 1513 dem
233 1486 340 1525 esse,
371 1487 481 1529 quae
500 1487 527 1514 a
548 1473 767 1516 veteribus
789 1473 978 1516 Publilio
999 1475 1231 1529 tribuatur,
1263 1490 1350 1517 eas
1381 1476 1446 1517 ad
1476 1491 1628 1518 unam

107 1553 287 1584 omnes
326 1539 648 1583 abiciendas
689 1555 807 1583 esse
843 1541 1077 1584 Publilii
1118 1542 1317 1599 edito-ri
1355 1543 1434 1584 vix
1471 1545 1629 1601 poterit

107 1621 280 1663 negare.

219 1675 281 1717 At
301 1674 465 1717 dixerit
494 1675 677 1718 forsitan
698 1676 928 1733 quispiam,
958 1682 1007 1718 ut
1036 1675 1163 1732 longe
1183 1675 1369 1734 plurima
1389 1691 1627 1720 sermonem

107 1741 355 1799 pedestrem
376 1743 561 1800 sapiant,
592 1744 654 1785 ita
678 1749 823 1784 tamen
842 1757 939 1785 rara
959 1743 1170 1800 quaedam
1189 1744 1370 1801 reperiri
1391 1743 1626 1787 conceden-

107 1810 212 1852 dum
242 1825 358 1865 esse,
401 1825 512 1867 quae
540 1811 652 1853 ictus
682 1810 890 1853 iambicos
920 1818 1068 1868 aperte
1097 1810 1305 1868 prodant,
1344 1811 1468 1854 verbi
1498 1827 1628 1854 causa

106 1879 366 1921 sententiam
395 1878 587 1920 omnium
615 1878 707 1919 fere
730 1892 942 1920 consensu
964 1879 1077 1921 inter
1097 1877 1364 1921 Publilianas
1388 1885 1624 1936 receptam:

369 1973 548 2011 Te'midus
577 1975 683 2010 vocat
711 1984 750 2011 se
779 1975 948 2017 cautum,
971 1984 1139 2020 parcum
1167 1973 1357 2011 sordidus.

106 2058 259 2115 Neque
295 2057 342 2100 id
379 2057 508 2115 plane
546 2058 776 2110 immerito.
836 2057 1011 2100 Scilicet
1040 2057 1138 2100 fons
1167 2057 1250 2100 fuit
1278 2056 1365 2111 illi,
1405 2057 1521 2100 unde
1549 2073 1627 2100 sua

106 2125 299 2168 hauriret
334 2125 391 2167 ad
430 2125 797 2182 compensandum
833 2124 1037 2167 damnum
1077 2124 1134 2180 (si
1164 2119 1416 2167 discesseris
1444 2139 1470 2166 a
1500 2140 1624 2182 prov.

109 2192 204 2247 148.
238 2192 331 2234 149.
390 2192 538 2236 Zelum
574 2193 623 2234 de
659 2193 731 2235 deo
769 2195 931 2235 tantum
967 2193 1120 2235 habea-s
1149 2196 1217 2234 ete.
1249 2192 1366 2233 haud
1406 2191 1538 2234 dubie
1566 2192 1624 2234 ab

105 2260 279 2303 homine
317 2259 567 2302 Christiano
613 2259 800 2314 additis,
846 2274 901 2300 ne
938 2258 1090 2301 ultima
1130 2258 1273 2301 littera
1305 2258 1398 2301 loco
1438 2260 1623 2315 careret)

105 2326 462 2369 Pseudosenecae
496 2327 608 2369 liber
644 2327 699 2369 de
735 2326 948 2380 moribus,
995 2327 1089 2369 sive
1133 2325 1390 2380 Proverbia,
1426 2333 1473 2368 ut
1509 2326 1624 2368 idem

106 2394 218 2437 liber
260 2396 431 2452 saepius
474 2394 750 2448 inscribitur,
799 2408 924 2451 quem
963 2394 1009 2435 in
1050 2393 1273 2436 codicibus
1309 2393 1623 2450 antiquissimis

106 2463 359 2520 ampliorem
389 2477 485 2505 esse
515 2477 645 2519 quam
672 2476 787 2504 nunc
815 2462 861 2503 in
892 2461 1156 2504 editionibus
1187 2460 1507 2514 circumfertur,
1538 2475 1623 2502 uno

106 2529 241 2572 verbo
284 2530 554 2586 significasse
598 2530 704 2572 satis
748 2528 901 2571 habeo.
960 2528 1116 2571 Insunt
1152 2534 1317 2584 septem
1356 2526 1623 2584 Sapientium

107 2597 243 2651 dicta,
283 2598 462 2640 Catonis
498 2602 748 2655 praccepta,
787 2595 1010 2639 Ciceronis
1046 2595 1257 2653 quaedam
1287 2595 1333 2650 (ἓ
1366 2594 1416 2635 18
1444 2612 1501 2630 =
1530 2593 1622 2635 Cic.

106 2663 161 2707 de
189 2672 351 2708 senect.
384 2665 451 2720 18,
482 2665 558 2719 663
596 2667 623 2718 ξ
651 2664 708 2706 20
735 2682 792 2701 =
821 2663 875 2705 de
903 2664 1028 2705 amic.
1060 2664 1108 2718 6,
1138 2663 1235 2719 22),
1268 2662 1455 2705 Senecae
1486 2659 1620 2716 philo·

107 2732 253 2788 sophi,
293 2732 426 2775 Plinii
462 2733 664 2786 iunioris,
704 2730 943 2783 Lactantii,
988 2745 1068 2772 nec
1105 2744 1190 2772 non
1228 2743 1283 2770 cx
1313 2728 1449 2784 poetis
1487 2741 1624 2784 pauca

108 2795 321 2857 quaedam
351 2799 568 2857 decerpta,
600 2798 720 2841 velut
748 2798 917 2853 integer
937 2802 1195 2839 (tetrameter
1223 2794 1464 2838 trochaicus
1495 2796 1521 2847 ξ
1556 2794 1606 2835 10

310 2894 458 2932 Mallos
488 2895 605 2932 vitam
634 2892 849 2939 difflrenles
877 2903 980 2929 mors
1009 2891 1154 2928 incerta
1178 2890 1390 2937 praeve-nit.

1301 2952 1351 2987 3*
