1956 3308
686 231 1050 264 PROLEGOMENA.
1431 278 1433 280 v
1586 223 1640 265 53

215 458 227 461 ’
249 420 252 423 -
271 451 360 508 VI.
426 449 507 506 De
547 427 760 505 Publilii
802 450 1066 507 sententiis
1112 451 1469 507 emendandis.

219 583 282 626 Ut
303 583 412 626 Cato
433 571 621 640 primum
641 585 802 626 oratori
822 590 1101 641 praeceptum
1122 584 1348 642 proposuit
1376 584 1501 627 ‘Rem
1522 591 1636 639 tene,

10 649 19 698 ’ἷ-
39 642 70 699 ’ξι
109 651 243 695 verba
271 655 540 708 sequentur',
572 652 634 693 ita
663 651 850 708 primum
881 652 1021 693 critici
1051 652 1244 694 officium
1266 658 1344 705 est,
1376 653 1637 695 sententiam

41 746 48 772 χ
107 726 318 779 spectare,
350 725 392 762 et
423 718 529 777 quid
559 719 647 761 dici
679 718 899 772 debuerit,
933 720 1039 776 quid
1069 720 1274 777 potuerit,
1307 719 1412 777 quid
1442 735 1530 763 non
1559 737 1634 778 po-

2 792 54 841 ῑρΞ
92 788 259 844 tuerit,
305 786 641 844 diligentissime
689 787 979 830 considerare.
1041 787 1160 830 Solet
1191 794 1349 829 ‘tamen
1386 788 1502 830 haud
1539 788 1636 831 leve

107 855 312 898 'accedere
348 854 684 910 adminiculum,
733 870 831 897 cum
869 854 985 912 quod
1022 870 1154 897 unum
1193 856 1418 913 scriptoris
1458 856 1636 899 consilio

0 923 15 986 J
40 926 52 946 ²
105 923 368 982 respondere
397 924 689 981 perspexeris,
721 922 767 965 id
787 929 904 965 recte
925 937 972 964 se
993 922 1152 966 habere
1182 923 1515 979 argumentis
1546 938 1635 980 pa-

2 987 53 1041 ⁵⁵}
107 990 506 1049 laeographicis
548 989 619 1032 vel
665 991 909 1033 metricis
955 989 1027 1031 vel
1072 1005 1134 1032 ex
1180 989 1400 1033 dicendi
1443 1005 1637 1047 genere

0 1056 49 1091 'T'
106 1060 296 1118 petitis
334 1059 608 1116 comprobari
645 1059 798 1116 possit.
861 1057 1137 1115 Quamquam
1168 1059 1303 1114 igitur
1333 1057 1417 1101 duo
1447 1057 1633 1115 plerum-

107 1127 190 1186 que
225 1127 296 1170 vel
331 1126 456 1185 plura
496 1128 628 1169 etiam
657 1127 823 1168 indicia
853 1125 1114 1168 emendandi
1145 1126 1261 1167 viam
1290 1132 1553 1181 monstrant,
1593 1133 1636 1167 et

2 1191 32 1219 2'
103 1195 286 1239 alterum
315 1210 393 1254 per
423 1210 469 1238 se
498 1210 585 1238 non
615 1196 722 1237 satis
753 1200 919 1236 certum
938 1192 1116 1235 alterius
1137 1192 1302 1235 auxilio
1324 1193 1506 1249 indiget,
1538 1193 1628 1251 pla-

106 1264 195 1307 cuit
223 1269 371 1307 tamen
399 1263 583 1306 seorsim
614 1261 786 1318 singula
818 1276 1015 1319 quaeque
1046 1261 1325 1319 perlustrare.

221 1332 264 1386 1‘)
294 1331 476 1386 Libros,
515 1330 631 1373 unde
670 1329 840 1372 codices
872 1345 898 1371 a
927 1329 1053 1372 nobis
1092 1329 1240 1372 collati
1279 1328 1490 1386 descripti
1520 1332 1634 1384 sunt,

105 1400 194 1442 iam
222 1399 341 1457 ipsos
384 1398 541 1442 litteris
576 1397 899 1454 longobardicis
940 1404 1139 1440 exaratos
1178 1397 1335 1451 fuisse,
1374 1396 1635 1453 frequentis-

38 1469 43 1475 ”
106 1467 214 1509 sima
241 1466 493 1510 litterarum·
516 1482 540 1509 r
571 1473 614 1508 et
641 1480 663 1509 s
693 1466 891 1508 confusio
913 1464 1155 1523 luculenter
1176 1464 1458 1507 demonstrat.
1509 1464 1632 1507 Ridi-

106 1533 200 1577 cula
238 1549 375 1592 paene
412 1534 583 1577 librarii
620 1524 986 1589 Rheinaugiensis
1024 1534 1070 1575 in
1106 1547 1153 1574 re
1192 1546 1328 1590 prava
1369 1533 1633 1574 constantia:

0 1630 58 1658 χ,
105 1604 180 1660 qui
209 1617 308 1645 cum
337 1617 380 1647 v,
406 1604 455 1645 17
485 1617 644 1654 sumor,
676 1602 727 1644 18
748 1602 989 1655 ωτωῃιιεεὶ,
1023 1600 1077 1643 86
1097 1602 1146 1643 in
1173 1614 1215 1643 se
1245 1601 1433 1651 adversa,
1467 1599 1536 1641 88.
1565 1599 1632 1642 91.

105 1670 174 1713 96.
207 1670 301 1713 123.
335 1670 430 1712 131.
464 1670 545 1712 180
583 1668 744 1729 similia
783 1669 1052 1726 scripsisset,
1093 1683 1197 1710 mox
1233 1666 1454 1709 intellecto
1492 1681 1635 1709 errore

3 1759 31 1799 35
105 1753 160 1781 ex
182 1737 410 1795 Charybdi
441 1739 484 1779 in
509 1736 699 1795 Scyllam
721 1736 918 1778 incidens
940 1736 1157 1777 contraria
1176 1733 1489 1778 vocabulorum
1509 1750 1629 1777 mon-

69 1838 75 1842 -
105 1813 194 1849 stra
223 1804 418 1864 protulit,
450 1820 493 1847 v.
518 1806 597 1847 138
627 1806 779 1856 oberre,
815 1804 894 1846 188
923 1804 1033 1846 ruba
1060 1806 1210 1857 spectu,
1241 1803 1320 1845 251
1351 1803 1519 1854 hortem,
1550 1802 1635 1844 254

105 1875 357 1925 criminora,
396 1873 480 1916 256
510 1873 755 1915 calamitoro
786 1877 868 1913 etc.
930 1870 1077 1924 Quare
1115 1871 1161 1912 in
1195 1885 1327 1912 versu
1355 1869 1436 1912 527
1469 1870 1514 1911 in
1545 1869 1635 1912 solo

0 1932 32 1991 s
76 1976 79 1978 .
106 1940 220 1984 Fris.
252 1947 425 1984 servato
451 1941 455 1944 ⁴

327 2036 404 2085 Qui
424 2037 515 2083 pote
544 2035 745 2073 consilium
773 2033 918 2083 fugere}
947 2012 1081 2081 sapere
1109 2033 1211 2071 idem
1233 2035 1360 2080 potest

103 2118 232 2175 aucta
262 2132 550 2190 oppositionis
582 2131 628 2172 vi
649 2129 944 2188 reponendum
967 2130 1313 2180 existimavimus
1334 2143 1494 2183 rapere.
1540 2128 1632 2171 Cfr.

0 2192 52 2226 ³⁷³
107 2201 234 2244 anc.
258 2199 382 2242 Balb.
404 2215 446 2256 p.
468 2199 537 2253 38,
560 2200 815 2242 occasionem
844 2212 930 2240 non
959 2198 1104 2251 accipi,
1135 2197 1207 2239 sed
1236 2198 1336 2251 rapi
1365 2197 1517 2248 debere,
1541 2196 1568 2239 J
1573 2196 1630 2238 Ul·

0 2253 55 2286 ³³
106 2258 292 2326 Capitol.
330 2267 451 2310 Max.
492 2274 535 2309 et
573 2265 698 2309 Balb.
739 2266 766 2307 2
803 2266 979 2308 consilia
1014 2265 1222 2319 rapienda
1257 2260 1342 2306 non)
1380 2265 1632 2319 quaerenda,

0 2306 61 2394 ⁸
105 2335 212 2390 Hor.
243 2334 386 2393 Epod.
421 2335 487 2388 13,
517 2334 559 2376 4.
592 2333 693 2377 Sen.
726 2334 852 2390 epist.
885 2333 955 2386 70,
986 2332 1055 2374 24.

218 2402 349 2456 Quod
379 2403 437 2445 ad
467 2403 708 2460 scripturae
739 2399 994 2458 compendia
1022 2400 1200 2453 attinet,
1243 2398 1450 2456 plurimas
1483 2399 1632 2442 turbas

106 2472 243 2514 movit
271 2485 386 2528 apex
415 2469 522 2524 ille,
543 2483 627 2526 quo
659 2467 829 2526 syllaba
858 2483 912 2511 ur
942 2467 1230 2524 significatur,
1263 2481 1332 2511 ex,
1362 2481 1428 2522 gr.
1459 2481 1502 2508 V.
1532 2466 1631 2509 423.
1662 2501 1666 2505 .

16 2550 46 2586 g
107 2538 238 2581 Haud
277 2553 374 2580 raro
412 2538 548 2594 igitur
586 2537 790 2594 passivae
820 2535 1051 2577 verborum
1081 2534 1244 2585 formae
1275 2540 1497 2576 cesserunt
1525 2534 1630 2575 aeti-

107 2607 197 2662 vis,
235 2613 310 2649 aut
345 2607 518 2649 activae
557 2619 705 2647 rursus
736 2604 999 2661 depravatae
1030 2609 1130 2644 sunt
1160 2603 1206 2644 in
1235 2603 1455 2659 passivas,
1496 2600 1631 2643 veluti

108 2687 149 2716 v.
173 2674 275 2727 ι478.
306 2674 405 2717 448.
464 2672 710 2730 Aliquoties
741 2686 795 2714 wr
829 2670 940 2713 abiit
970 2671 1015 2712 in
1045 2671 1116 2713 uir
1149 2668 1219 2711 vel
1249 2671 1306 2712 ui.
1368 2668 1421 2710 V.
1452 2670 1532 2710 521
1565 2669 1629 2709 vi-

107 2741 220 2784 tiosa
256 2741 418 2785 codicis
449 2740 496 2782 F
521 2741 736 2796 scriptura
773 2739 1027 2793 eontinyitur
1060 2737 1164 2779 inde
1194 2743 1287 2779 orta
1317 2750 1411 2778 esse
1441 2734 1629 2789 videtur,

12 2800 14 2802 .
56 2867 59 2869 ⁴
111 2807 226 2865 quod
253 2809 300 2851 in
328 2808 566 2866 archetypo
597 2807 807 2863 scriptum
837 2805 922 2848 fuit

407 2914 517 2966 Quod
545 2914 609 2952 vix
638 2912 834 2963 continyit,
867 2912 901 2950 υἱ
929 2911 1158 2960 voluptatem
1180 2910 1303 2960 parit,
