1956 3308
396 883 682 940 Sententiae
722 884 848 940 falso
889 885 1021 940 inter
1061 885 1374 943 Publilianas
1414 894 1645 961 receptae
1663 887 1733 964 ἢ).

426 1014 640 1056 Aberrare
668 1029 695 1055 a
723 1014 897 1057 fortuna
925 1020 1000 1056 tua
1027 1029 1114 1057 non
1143 1020 1284 1072 potes;
1309 1016 1479 1059 obsidet
1507 1023 1564 1060 te.

426 1081 774 1123 Abominandum
803 1081 981 1122 remedii
1009 1095 1144 1136 genus
1174 1082 1355 1125 salutem
1384 1082 1540 1126 debere
1570 1085 1730 1129 morbo.
1811 1083 1815 1087 ’
1879 1074 1886 1079 ”
1925 1075 1928 1083 ²

428 1148 649 1189 Acerrima
678 1148 816 1189 virtus
846 1154 925 1200 est,
957 1162 1084 1205 quam
1112 1147 1262 1191 ultima
1291 1151 1524 1194 necessitas
1555 1152 1733 1195 excutit.

427 1214 630 1271 Accipias
659 1220 858 1270 praestat,
879 1229 1006 1271 quam
1035 1214 1194 1257 inferas
1224 1216 1438 1258 iniuriam.

373 1285 397 1322 5
427 1280 499 1322 Ad
529 1280 612 1322 duo
642 1279 851 1322 festinans
880 1286 1078 1323 neutrum
1106 1281 1216 1323 bene
1244 1284 1478 1339 peregeris.

426 1347 468 1388 A
498 1347 663 1388 duabus
694 1347 832 1389 causis
863 1354 1079 1403 praestare
1108 1348 1306 1406 princeps
1334 1348 1455 1403 solet,
1486 1350 1524 1392 si
1550 1355 1626 1394 aut
1652 1365 1700 1393 se
1718 1351 1811 1394 vin·
1835 1408 1838 1409 ⁷
1904 1391 1916 1400 ,,

1115 1414 1231 1456 dieat
1259 1421 1334 1457 aut
1362 1415 1507 1458 alium.

429 1478 502 1520 Ad
532 1479 788 1521 excutienda
816 1479 903 1521 tela
931 1479 1138 1522 militares
1168 1480 1317 1524 lacerti
1344 1481 1503 1525 valent.

428 1545 499 1587 Ad
530 1546 815 1602 suspicionem
844 1545 1033 1587 vulneris
1063 1547 1148 1589 cito
1177 1547 1385 1604 pallescit.

429 1611 613 1653 Adulter
643 1618 708 1654 est
736 1613 882 1654 uxoris
912 1619 1077 1655 amator
1105 1614 1256 1656 aerior.

350 1684 400 1720 10
428 1679 579 1734 Aequo
608 1678 750 1720 animo
780 1680 854 1735 qui
883 1678 1007 1721 malis
1036 1680 1251 1734 miscetur,
1283 1686 1348 1723 est
1377 1681 1529 1724 malus.

429 1745 518 1786 Aes
550 1744 789 1787 debitorem
818 1745 926 1799 leve,
956 1760 1090 1801 grave
1118 1746 1338 1789 inimicum
1366 1748 1484 1791 facit.

429 1811 620 1854 Affectus
651 1812 826 1867 quidem
853 1818 941 1854 tam
970 1812 1070 1854 mali
1099 1813 1287 1856 ministri
1316 1820 1414 1857 sunt
1444 1829 1571 1872 quam
1600 1816 1743 1858 duces.

429 1979 648 2032 Adnotatio]
679 1981 722 2029 †)
742 1982 807 2020 Eas
829 1985 930 2031 primi
951 1989 1162 2032 receperunt
1183 1985 1221 2020 E
1237 1983 1450 2034 (Erasmus),
1477 1986 1538 2023 Ρη
1558 1986 1815 2036 (Panthaleon),

320 2039 349 2076 S
367 2038 422 2084 (H.
444 2037 678 2086 Stephanus),
714 2039 765 2075 Ps
792 2037 1012 2087 (Pithoeus),
1049 2040 1102 2076 Gr
1129 2039 1274 2086 (Gruter
1301 2041 1336 2076 in
1364 2041 1446 2078 edit.
1476 2053 1506 2078 a.
1540 2042 1682 2090 1604),
1715 2042 1770 2079 Gr
1790 2042 1814 2080 2

319 2094 425 2140 (idem
453 2095 488 2130 in
517 2093 600 2130 edit.
630 2105 660 2130 a.
687 2094 826 2141 1610),
856 2095 914 2131 Be
934 2093 1162 2142 (sannaus),
1191 2096 1249 2133 Bo
1269 2095 1467 2144 (eminus),
1497 2098 1533 2135 R
1555 2094 1814 2147 (neinhouus),
1913 2113 1927 2146 ,ρ

320 2150 349 2194 Q
371 2149 452 2196 (Jul.
475 2149 663 2193 Quicherat
683 2151 719 2186 in
741 2149 1044 2198 ephemeridibus,
1066 2149 1193 2198 quihus
1214 2151 1340 2188 titulus
1359 2151 1605 2202 Bibliotheque
1625 2153 1669 2190 de
1689 2153 1815 2191 recole
1899 2173 1921 2212 ο·

318 2205 379 2241 des
401 2205 546 2241 Chartes
567 2205 636 2241 vol.
659 2205 687 2241 ΙΙ
723 2205 840 2243 1840.
871 2205 988 2242 fascic.
1012 2206 1048 2242 2.
1071 2217 1132 2254 pg.
1160 2206 1236 2243 115
1257 2205 1364 2256 sqq.).
1422 2207 1611 2246 Praeterea
1636 2209 1706 2245 hoc
1731 2209 1812 2246 loco

320 2262 411 2308 typis
445 2259 692 2297 describendas
720 2262 856 2308 curavi,
894 2271 979 2308 quas
1007 2272 1027 2297 e
1054 2263 1293 2310 manuscripto
1320 2263 1447 2311 petitas
1474 2263 1515 2300 G.
1546 2263 1722 2301 Fabricius
1749 2261 1816 2311 (17)

319 2318 412 2352 inter
441 2315 650 2352 ‘sententias
680 2317 792 2352 mimis
813 2315 926 2352 Publii
953 2316 1103 2353 similes'
1132 2317 1261 2363 edidit;
1292 2329 1334 2354 ex
1362 2318 1400 2354 D.
1424 2318 1617 2356 Godorredi
1638 2317 1722 2367 (Go)
1741 2318 1815 2356 edt-

320 2373 415 2407 tione
435 2371 551 2418 recepi
572 2372 763 2408 sententias
785 2371 1012 2420 interpolatas
1033 2371 1303 2409 Proverbiorum
1326 2371 1382 2422 (ef.
1406 2373 1548 2424 Proleg.
1570 2374 1635 2411 24.
1648 2373 1728 2422 26),
1748 2374 1815 2412 Bo·

321 2427 383 2463 thii
412 2426 563 2474 denique
590 2437 662 2463 non
690 2437 812 2463 omnes
833 2426 1014 2474 dedimus,
1043 2427 1104 2464 sed
1128 2432 1263 2465 tantum
1284 2439 1348 2478 per
1367 2435 1523 2466 saturam
1542 2429 1703 2467 selectas.

322 2483 339 2518 1
376 2483 440 2519 Go.
463 2481 546 2517 Seu.
569 2481 612 2518 de
631 2482 732 2519 clem.
758 2482 796 2529 1,
818 2482 857 2529 8,
879 2482 902 2518 2
1027 2482 1050 2518 2
1082 2484 1129 2520 R.
1153 2483 1234 2520 Sen.
1257 2483 1300 2521 de
1322 2485 1371 2521 ira
1394 2485 1429 2532 1,
1454 2485 1517 2532 12,
1540 2485 1564 2523 6
1689 2484 1714 2522 3
1745 2484 1811 2522 Go.

318 2538 398 2573 Sen.
421 2538 464 2574 de
485 2537 585 2573 clem.
610 2538 647 2584 1,
671 2538 735 2584 12,
757 2538 781 2575 5
867 2537 893 2573 4
923 2537 993 2574 Βο.
1089 2539 1113 2575 5
1145 2539 1214 2576 Βο.
1238 2539 1289 2576 Cf.
1313 2539 1398 2577 Cato
1418 2551 1474 2589 ap.
1496 2539 1586 2577 Gell.
1610 2539 1675 2586 16,
1699 2538 1764 2587 14,
1787 2537 1812 2576 2

424 2593 446 2629 6
480 2593 544 2629 Go.
564 2590 791 2643 praestare]
813 2596 951 2640 punire
971 2593 1053 2630 Sen.
1075 2593 1119 2630 de
1138 2594 1240 2631 clem.
1266 2596 1303 2643 1,
1326 2595 1392 2642 20,
1415 2596 1436 2632 1
1546 2595 1568 2632 7
1597 2595 1647 2632 R.
1669 2593 1749 2631 Sen.
1769 2593 1813 2631 de

320 2648 454 2695 provid.
477 2648 518 2695 4,
541 2649 591 2685 13
731 2649 756 2686 8
787 2650 833 2686 R.
856 2648 935 2685 Sen.
958 2649 1002 2686 de
1023 2649 1160 2698 provid.
1181 2646 1221 2696 4,
1245 2651 1267 2687 7
1408 2650 1431 2688 9
1462 2650 1524 2688 Ρε.
1544 2649 1641 2687 Sexti
1660 2649 1811 2698 Pythag.

321 2710 413 2740 sent.
443 2716 462 2740 a
489 2703 616 2741 Rufino
653 2715 843 2741 conversae
872 2703 973 2749 222;
1011 2704 1155 2742 Hieron.
1191 2705 1268 2742 adv.
1301 2706 1419 2743 Jovin.
1447 2717 1477 2742 c.
1509 2705 1636 2743 30==
1655 2704 1737 2742 Seu.
1770 2704 1815 2743 de
1870 2722 1882 2732 ·

322 2760 469 2795 matrim.
491 2759 559 2807 srg.
581 2759 634 2797 84
663 2759 724 2796 Ha.
748 2760 845 2797 Vino.
868 2760 951 2796 Bell.
981 2772 1035 2808 sp.
1065 2760 1100 2796 d.
1129 2760 1174 2808 4,
1198 2761 1262 2799 98.
1292 2762 1338 2809 6,
1359 2761 1396 2798 7.
1441 2760 1493 2796 Cf.
1514 2759 1596 2796 Seu.
1626 2760 1670 2796 de
1697 2764 1812 2798 coust.
1903 2771 1909 2775 ·

320 2826 393 2862 sap.
416 2815 454 2861 7,
475 2814 511 2850 4.
630 2811 681 2852 10
710 2817 754 2852 F.
777 2815 994 2852 Pseudosen.
1016 2816 1060 2852 (le
1080 2827 1168 2853 mor.
1191 2815 1242 2854 75
1357 2815 1405 2853 11
1435 2815 1500 2852 Ps.
1522 2815 1604 2852 Seu.
1626 2816 1728 2864 epist.
1749 2815 1812 2863 19,

324 2868 374 2905 12
503 2869 553 2907 12
585 2871 630 2908 R.
652 2870 733 2908 Scn.
757 2870 871 2907 deira
893 2871 930 2918 1,
952 2871 992 2918 9,
1012 2870 1037 2907 4
1849 2891 1860 2898 ‚
