1956 3308
721 246 1084 279 PROLEGOMENA.
1329 292 1333 295 1
1639 242 1665 283 9

254 346 302 389 Si
323 346 459 389 verba
480 346 613 389 Plinii
635 354 676 390 et
697 347 912 392 Macrobii
934 357 1049 393 recte
1076 351 1384 409 interpretatus
1407 367 1515 407 sum,
1548 360 1665 410 patet

92 461 93 464 Ἴ
140 412 379 456 Publilium
417 415 646 471 scripsisse
683 415 806 457 illum
836 417 1011 473 quidem
1042 419 1218 473 mimos,
1259 420 1335 462 scd
1366 420 1500 463 multo
1531 422 1662 464 maio-

138 495 231 523 rem
267 481 451 537 gloriam
482 497 531 525 eo
563 490 841 526 consecutum
874 500 988 539 esse,
1029 486 1144 543 quod
1175 501 1247 529 eos
1279 488 1454 543 egregie
1485 503 1664 530 scaenae

138 550 482 593 accommodavit
518 558 648 608 atquc
686 552 779 609 ipse
816 553 978 610 primas
1014 560 1157 611 partes
1197 569 1326 610 agere
1364 563 1662 599 consueverat.

78 671 81 674 ,
141 617 313 674 Syriam
342 618 386 659 in
418 632 502 675 qua
532 625 658 661 natus
690 626 795 674 erat,
827 627 996 663 constat
1026 622 1110 663 iam
1134 611 1314 664 Publilii
1345 629 1486 665 aetate
1516 630 1559 666 et
1588 639 1661 680 po-

139 691 254 728 stero
285 700 455 742 quoque
483 693 677 744 tempore
697 687 945 730 abundasse
967 688 1165 731 omnibus
1187 689 1385 732 luxuriae
1405 691 1663 732 instrumen-

139 754 209 807 tis,
231 754 488 810 praesertim
509 753 808 797 histrionibus.
856 755 926 798 Of.
949 756 1162 812 Philolog.
1183 757 1253 811 22,
1275 757 1371 800 443.
1414 758 1665 801 Accedebat

139 820 224 863 huc
253 821 419 877 ingenii
450 821 662 878 quaedam
693 822 885 865 sollertia
905 838 954 865 ac
977 823 1210 878 festivitas,
1242 826 1416 882 propria
1437 825 1511 867 illa
1533 825 1662 883 Syro—

139 903 235 930 rum
279 903 330 930 ac
369 890 600 946 praecipue
646 890 1030 946 Antiochensium3
1079 891 1314 934 accedebat
1357 893 1665 950 extemporalis

140 955 354 1010 facilitas„
380 971 465 1013 qua
494 957 723 1020 Archiam,
755 959 829 1015 qui
860 965 902 1000 et
934 960 1027 1016 ipse
1055 959 1364 1002 Antiochensis
1395 960 1500 1014 fuit,
1533 960 1664 1002 incla·
1714 979 1723 983 ,

140 1024 279 1066 ruisse
316 1024 574 1081 accepimus.
635 1024 702 1068 Cf.
735 1025 826 1068 Cio.
865 1042 943 1084 pro
974 1026 1106 1068 Arch.
1139 1030 1164 1080 ἓ
1193 1028 1234 1069 4.
1270 1027 1333 1069 18.
1374 1027 1559 1080 Quintil.
1596 1030 1665 1082 10,

142 1092 182 1146 7,
207 1092 273 1134 19.
333 1091 453 1144 Quid
474 1092 643 1146 mirum,
666 1093 919 1149 Publilium,
949 1094 1148 1137 versibus
1170 1095 1384 1150 fingendis
1405 1102 1665 1152 promptum,

140 1158 321 1216 agendis
351 1155 495 1201 mimis
528 1159 801 1215 excelluisse,
833 1162 878 1203 in
909 1162 1066 1218 quibus
1096 1161 1231 1204 multa
1252 1176 1308 1204 ex
1328 1169 1520 1219 tempore
1541 1163 1666 1204 fundi

142 1226 271 1269 solita
301 1241 396 1269 esse
425 1226 658 1270 admodum
689 1227 925 1270 verisimile
955 1236 1034 1271 est.
1094 1229 1201 1271 Eius
1231 1230 1337 1272 artis
1370 1237 1411 1272 et
1441 1229 1660 1272 facultatis

142 1294 306 1336 clarum
343 1293 465 1336 dedit
502 1296 722 1355 specimen
763 1311 875 1338 anno
915 1311 954 1337 a.
986 1295 1088 1339 Chr.
1113 1297 1460 1353 ‘quadragesimo
1498 1298 1663 1354 quinto,

141 1378 240 1405 cum
269 1362 451 1416 Caesar,
483 1362 668 1406 dictator
698 1364 743 1405 in
774 1370 1030 1421 perpetuum
1060 1370 1252 1419 creatus,
1284 1366 1518 1422 imperator
1548 1365 1666 1406 idem

142 1437 185 1472 et
216 1429 367 1473 consul
404 1431 451 1472 in
481 1429 631 1473 decem
661 1446 815 1484 annos,
856 1446 940 1487 quo
970 1433 1219 1474 memoriam
1255 1432 1507 1474 imminutae
1537 1432 1665 1474 liber-

141 1498 244 1540 tatis
265 1497 450 1551 tolleret,
481 1499 932 1554 magnificentissimos
954 1498 1079 1541 ludos
1099 1500 1341 1556 apparavit.
1402 1499 1512 1542 Tum
1533 1501 1668 1555 igitur

142 1565 392 1617 Laberium,
424 1579 604 1622 asperae
633 1565 847 1608 libertatis
880 1567 1067 1622 equitem
1088 1567 1344 1620 Romanum,
1376 1581 1511 1623 paene
1542 1581 1665 1608 sexa-

141 1633 387 1690 genarium,
419 1633 668 1689 quingentis
700 1633 875 1675 milibus
907 1634 1133 1687 invitavit,
1174 1640 1221 1675 ut
1252 1633 1443 1690 prodiret
1474 1635 1515 1674 in
1546 1630 1663 1675 scac-

142 1715 243 1743 nam
275 1706 317 1742 et
346 1701 439 1756 ipse
469 1707 619 1756 ageret
648 1701 816 1753 mimos,
848 1716 954 1757 quos
984 1701 1278 1757 scriptitabat3
1313 1715 1390 1742 nec
1411 1715 1495 1742 non
1518 1700 1663 1742 Publi-

142 1766 248 1810 lium
279 1768 461 1811 Romam
497 1768 682 1821 accivit,
721 1774 769 1811 ut
806 1783 903 1809 cum
932 1767 1119 1826 Laberio
1157 1774 1375 1810 certamen
1405 1768 1557 1821 iniret,
1597 1769 1666 1809 cui

144 1836 371 1878 certamini
408 1850 455 1877 se
484 1835 679 1877 adfuisse
717 1837 811 1893 ipse
841 1835 991 1877 Cicero
1031 1835 1183 1877 scribit
1212 1836 1257 1877 in
1288 1835 1458 1892 epistul.
1490 1834 1564 1876 lib.
1600 1836 1664 1889 12,

149 1903 214 1945 18.
257 1902 472 1945 Publilius
504 1917 601 1944 cum
632 1918 794 1957 omnes,
827 1903 901 1959 qui
932 1909 1032 1944 tunc
1063 1903 1223 1959 scripta
1253 1909 1295 1944 et
1325 1917 1476 1960 operas
1501 1917 1599 1943 suas
1621 1903 1665 1944 in

145 1985 345 2013 scaenam
376 1969 590 2024 locabant,
622 1976 912 2027 provocasset,
943 1977 990 2012 ut
1021 1969 1182 2025 singuli
1213 1984 1358 2011 secum
1390 1970 1530 2026 posita
1555 1970 1665 2011 invi-

146 2032 239 2080 ceni
269 2038 450 2080 materia
470 2053 548 2094 pro
577 2043 769 2095 tempore
790 2037 1113 2091 contenderent,
1144 2036 1261 2078 nullo
1289 2043 1513 2078 recusante
1544 2051 1667 2093 supe-

143 2106 260 2147 ravit
290 2119 453 2158 omneS,
485 2106 532 2146 in
561 2106 657 2162 quis
689 2111 730 2146 et
760 2104 1015 2146 Laberium:
1048 2104 1164 2146 unde
1185 2103 1347 2146 Caesar
1366 2103 1562 2145 arridens
1585 2103 1665 2145 hoc

145 2171 272 2215 modo
302 2172 603 2230 pronuntiavit

397 2266 569 2305 Favente
597 2267 667 2304 tibi
696 2278 755 2304 me
784 2267 906 2304 victus
935 2278 992 2310 es,
1023 2265 1186 2310 Laberi,
1217 2278 1242 2303 a
1271 2265 1368 2314 Syro

110 2424 124 2430 ἱ
147 2375 383 2431 statimque
411 2374 600 2417 Publilio
643 2373 828 2431 palmam
860 2380 901 2416 et
931 2373 1117 2415 Laberio
1155 2373 1330 2415 anulum
1367 2387 1542 2415 aureum
1573 2387 1669 2414 cum

147 2443 396 2500 quingentis
428 2442 640 2484 sestertiis
671 2441 806 2483 dedit.

260 2510 341 2552 Oui
378 2510 636 2563 narrationi,
676 2523 805 2565 quam
835 2509 891 2550 ad
922 2508 1102 2550 verbum
1134 2508 1224 2549 fere
1256 2522 1310 2549 cx
1341 2506 1563 2549 Macrobio
1595 2506 1665 2547 dc-

146 2578 420 2634 scripsimus,
451 2590 588 2633 pauca
617 2575 743 2618 nobis
774 2582 874 2618 sunt
906 2575 1117 2617 addenda.
1178 2575 1244 2616 Ac
1276 2575 1459 2631 primum
1490 2573 1666 2630 quidem

145 2643 431 2689 admiratione
468 2643 649 2699 dignum
687 2643 877 2699 prudens
908 2643 1106 2685 Caesaris
1142 2640 1390 2695 consilium,
1438 2641 1533 2697 qui,
1573 2654 1669 2681 oum

146 2712 267 2753 mimi
304 2710 422 2768 plebi
452 2709 675 2768 spectandi
713 2710 895 2767 cupidae
926 2716 1071 2751 essent
1100 2710 1310 2765 gratiores
1342 2709 1564 2764 magisque
1592 2722 1661 2748 ac·

150 2779 265 2835 cepti
305 2793 433 2835 quam
464 2779 566 2820 serii
596 2777 839 2833 argumenti
870 2776 1064 2831 fabulae,
1105 2776 1285 2818 tunicati
1317 2773 1462 2832 populi
1493 2773 1669 2815 auribus

149 2844 331 2887 nimium
360 2845 452 2887 fere
484 2844 677 2898 indulsit,
710 2843 940 2885 dummodo
970 2843 1154 2899 gratiam
1185 2843 1269 2884 sibi
1300 2847 1537 2898 quaereret.
1598 2840 1669 2882 Ex

152 2909 294 2954 Gellio
326 2912 421 2967 (17,
456 2911 527 2969 14)
567 2910 725 2954 deinde
761 2910 1074 2964 adnotandum,
1115 2909 1351 2951 Laberium
1381 2909 1442 2950 rei
1474 2907 1669 2966 publicae
