<?xml version="1.0" encoding="UTF-8"?>
<!DOCTYPE html PUBLIC "-//W3C//DTD XHTML 1.0 Transitional//EN"
    "http://www.w3.org/TR/xhtml1/DTD/xhtml1-transitional.dtd">
<html xmlns="http://www.w3.org/1999/xhtml" xml:lang="en" lang="en">
 <head>
  <title>
</title>
<meta http-equiv="Content-Type" content="text/html;charset=utf-8" />
  <meta name='ocr-system' content='tesseract 3.04.00' />
  <meta name='ocr-capabilities' content='ocr_page ocr_carea ocr_par ocr_line ocrx_word'/>
</head>
<body>
  <div class='ocr_page' id='page_1' title='image "./publiliisyrisent00publuoft/publiliisyrisent00publuoft_0020.png"; bbox 0 0 1956 3308; ppageno 0'>
   <div class='ocr_carea' id='block_1_1' title="bbox 365 230 1288 278">
    <p class='ocr_par' dir='ltr' id='par_1_1' title="bbox 365 230 1288 278">
     <span class='ocr_line' id='line_1_1' title="bbox 365 230 1288 278; baseline 0.008 -7"><span class='ocrx_word' id='word_1_1' title='bbox 365 230 414 271; x_wconf 82' lang='lat'><strong>14</strong></span> <span class='ocrx_word' id='word_1_2' title='bbox 930 245 1288 278; x_wconf 65' lang='lat' dir='ltr'><strong>rnonsoomim.</strong></span> 
     </span>
    </p>
   </div>
   <div class='ocr_carea' id='block_1_2' title="bbox 352 341 1859 1198">
    <p class='ocr_par' dir='ltr' id='par_1_2' title="bbox 352 341 1859 1198">
     <span class='ocr_line' id='line_1_2' title="bbox 352 341 1858 396; baseline 0.007 -15"><span class='ocrx_word' id='word_1_3' title='bbox 352 341 571 394; x_wconf 74' lang='lat' dir='ltr'><strong>pleraeque</strong></span> <span class='ocrx_word' id='word_1_4' title='bbox 607 344 762 396; x_wconf 52' lang='lat' dir='ltr'><strong>hyadae</strong></span> <span class='ocrx_word' id='word_1_5' title='bbox 799 349 835 385; x_wconf 77' lang='lat' dir='ltr'><strong>et</strong></span> <span class='ocrx_word' id='word_1_6' title='bbox 871 346 928 385; x_wconf 77' lang='lat' dir='ltr'><strong>ad</strong></span> <span class='ocrx_word' id='word_1_7' title='bbox 964 359 1212 387; x_wconf 75' lang='lat' dir='ltr'><strong>communem</strong></span> <span class='ocrx_word' id='word_1_8' title='bbox 1251 360 1484 390; x_wconf 77' lang='lat' dir='ltr'><strong>sermonum</strong></span> <span class='ocrx_word' id='word_1_9' title='bbox 1512 362 1633 390; x_wconf 82' lang='lat' dir='ltr'><strong>usum</strong></span> <span class='ocrx_word' id='word_1_10' title='bbox 1663 363 1858 392; x_wconf 75' lang='lat' dir='ltr'><strong>commen-</strong></span> 
     </span>
     <span class='ocr_line' id='line_1_3' title="bbox 366 408 1859 467; baseline 0.007 -20"><span class='ocrx_word' id='word_1_11' title='bbox 366 408 623 459; x_wconf 64' lang='lat' dir='ltr'><strong>‹latis-simae,</strong></span> <span class='ocrx_word' id='word_1_12' title='bbox 662 424 710 450; x_wconf 74' lang='lat' dir='ltr'><strong>ex</strong></span> <span class='ocrx_word' id='word_1_13' title='bbox 746 411 893 463; x_wconf 75' lang='lat' dir='ltr'><strong>quibus</strong></span> <span class='ocrx_word' id='word_1_14' title='bbox 928 415 1025 453; x_wconf 72' lang='lat' dir='ltr'><strong>suut</strong></span> <span class='ocrx_word' id='word_1_15' title='bbox 1054 414 1162 464; x_wconf 32' lang='lat' dir='ltr'><strong>,isiae</strong></span> <span class='ocrx_word' id='word_1_16' title='bbox 1200 414 1374 467; x_wconf 74' lang='lat' dir='ltr'><strong>sinyulis</strong></span> <span class='ocrx_word' id='word_1_17' title='bbox 1401 416 1582 456; x_wconf 59' lang='lat' dir='ltr'><strong>imsilms</strong></span> <span class='ocrx_word' id='word_1_18' title='bbox 1611 417 1859 458; x_wconf 54' lang='lat' dir='ltr'><strong>circummi-</strong></span> 
     </span>
     <span class='ocr_line' id='line_1_4' title="bbox 357 477 1858 536; baseline 0.007 -22"><span class='ocrx_word' id='word_1_19' title='bbox 357 478 468 527; x_wconf 72' lang='lat' dir='ltr'><strong>ptae,</strong></span> <span class='ocrx_word' id='word_1_20' title='bbox 501 490 604 527; x_wconf 75' lang='lat' dir='ltr'><strong>quas</strong></span> <span class='ocrx_word' id='word_1_21' title='bbox 634 477 791 517; x_wconf 76' lang='lat' dir='ltr'><strong>libitum</strong></span> <span class='ocrx_word' id='word_1_22' title='bbox 824 478 952 518; x_wconf 65' lang='lat' dir='ltr'><strong>lem-ele</strong></span> <span class='ocrx_word' id='word_1_23' title='bbox 981 482 1038 519; x_wconf 70' lang='lat' dir='ltr'><strong>est</strong></span> <span class='ocrx_word' id='word_1_24' title='bbox 1057 480 1296 521; x_wconf 47' lang='lat' dir='ltr'><strong>adsim-ibere.</strong></span> <span class='ocrx_word' id='word_1_25' title='bbox 1355 480 1598 536; x_wconf 80' lang='lat' dir='ltr'><strong>Sequuntur</strong></span> <span class='ocrx_word' id='word_1_26' title='bbox 1619 497 1767 524; x_wconf 85' lang='lat' dir='ltr'><strong>versus</strong></span> <span class='ocrx_word' id='word_1_27' title='bbox 1787 498 1858 525; x_wconf 89' lang='lat' dir='ltr'><strong>no-</strong></span> 
     </span>
     <span class='ocr_line' id='line_1_5' title="bbox 362 541 1858 598; baseline 0.006 -18"><span class='ocrx_word' id='word_1_28' title='bbox 362 548 475 581; x_wconf 84' lang='lat' dir='ltr'><strong>strae</strong></span> <span class='ocrx_word' id='word_1_29' title='bbox 515 541 716 583; x_wconf 79' lang='lat' dir='ltr'><strong>editionis</strong></span> <span class='ocrx_word' id='word_1_30' title='bbox 753 543 849 584; x_wconf 81' lang='lat'><strong>362.</strong></span> <span class='ocrx_word' id='word_1_31' title='bbox 889 544 956 585; x_wconf 81' lang='lat'><strong>55.</strong></span> <span class='ocrx_word' id='word_1_32' title='bbox 998 545 1086 585; x_wconf 84' lang='lat'>176.</span> <span class='ocrx_word' id='word_1_33' title='bbox 1130 545 1220 586; x_wconf 87' lang='lat'>106.</span> <span class='ocrx_word' id='word_1_34' title='bbox 1260 546 1351 587; x_wconf 91' lang='grc'><strong>104.</strong></span> <span class='ocrx_word' id='word_1_35' title='bbox 1390 549 1480 589; x_wconf 82' lang='grc'><strong>193.</strong></span> <span class='ocrx_word' id='word_1_36' title='bbox 1512 548 1606 598; x_wconf 78' lang='grc'><strong>221.</strong></span> <span class='ocrx_word' id='word_1_37' title='bbox 1641 549 1730 590; x_wconf 86' lang='grc'><strong>178.</strong></span> <span class='ocrx_word' id='word_1_38' title='bbox 1763 549 1858 591; x_wconf 85' lang='grc'><strong>264.</strong></span> 
     </span>
     <span class='ocr_line' id='line_1_6' title="bbox 358 607 1857 662; baseline 0.006 -15"><span class='ocrx_word' id='word_1_39' title='bbox 358 607 452 648; x_wconf 80' lang='lat'>245.</span> <span class='ocrx_word' id='word_1_40' title='bbox 475 608 570 649; x_wconf 77' lang='lat'>645.</span> <span class='ocrx_word' id='word_1_41' title='bbox 593 609 687 650; x_wconf 83' lang='lat'><strong>383.</strong></span> <span class='ocrx_word' id='word_1_42' title='bbox 709 609 804 650; x_wconf 88' lang='grc'><strong>416.</strong></span> <span class='ocrx_word' id='word_1_43' title='bbox 825 609 921 650; x_wconf 87' lang='grc'><strong>469.</strong></span> <span class='ocrx_word' id='word_1_44' title='bbox 982 610 1104 662; x_wconf 79' lang='lat' dir='ltr'><strong>Quae</strong></span> <span class='ocrx_word' id='word_1_45' title='bbox 1133 618 1273 653; x_wconf 85' lang='lat' dir='ltr'><strong>autem</strong></span> <span class='ocrx_word' id='word_1_46' title='bbox 1307 611 1378 653; x_wconf 90' lang='lat' dir='ltr'><strong>ille</strong></span> <span class='ocrx_word' id='word_1_47' title='bbox 1407 614 1451 654; x_wconf 90' lang='lat' dir='ltr'><strong>in</strong></span> <span class='ocrx_word' id='word_1_48' title='bbox 1483 613 1659 656; x_wconf 90' lang='lat' dir='ltr'><strong>edendis</strong></span> <span class='ocrx_word' id='word_1_49' title='bbox 1682 614 1857 658; x_wconf 87' lang='lat' dir='ltr'><strong>Publilii</strong></span> 
     </span>
     <span class='ocr_line' id='line_1_7' title="bbox 358 676 1851 737; baseline 0.006 -23"><span class='ocrx_word' id='word_1_50' title='bbox 358 676 581 716; x_wconf 80' lang='lat' dir='ltr'><strong>sententiis</strong></span> <span class='ocrx_word' id='word_1_51' title='bbox 612 676 821 731; x_wconf 85' lang='lat' dir='ltr'><strong>peccavit,</strong></span> <span class='ocrx_word' id='word_1_52' title='bbox 853 683 1041 717; x_wconf 85' lang='lat' dir='ltr'><strong>nostrum</strong></span> <span class='ocrx_word' id='word_1_53' title='bbox 1073 685 1137 719; x_wconf 90' lang='lat' dir='ltr'><strong>est</strong></span> <span class='ocrx_word' id='word_1_54' title='bbox 1167 678 1368 720; x_wconf 85' lang='lat' dir='ltr'><strong>damnum</strong></span> <span class='ocrx_word' id='word_1_55' title='bbox 1399 679 1515 734; x_wconf 86' lang='lat' dir='ltr'><strong>(nam</strong></span> <span class='ocrx_word' id='word_1_56' title='bbox 1538 687 1743 737; x_wconf 85' lang='lat' dir='ltr'><strong>quotquot</strong></span> <span class='ocrx_word' id='word_1_57' title='bbox 1764 696 1851 723; x_wconf 84' lang='lat' dir='ltr'><strong>scr·</strong></span> 
     </span>
     <span class='ocr_line' id='line_1_8' title="bbox 358 741 1855 801; baseline 0.005 -21"><span class='ocrx_word' id='word_1_58' title='bbox 358 741 447 781; x_wconf 85' lang='lat' dir='ltr'><strong>vati</strong></span> <span class='ocrx_word' id='word_1_59' title='bbox 469 747 567 782; x_wconf 89' lang='lat' dir='ltr'><strong>sunt</strong></span> <span class='ocrx_word' id='word_1_60' title='bbox 588 741 772 795; x_wconf 86' lang='lat' dir='ltr'><strong>codices,</strong></span> <span class='ocrx_word' id='word_1_61' title='bbox 792 757 846 784; x_wconf 88' lang='lat' dir='ltr'><strong>ex</strong></span> <span class='ocrx_word' id='word_1_62' title='bbox 867 741 939 784; x_wconf 92' lang='lat' dir='ltr'><strong>illo</strong></span> <span class='ocrx_word' id='word_1_63' title='bbox 959 742 1104 786; x_wconf 89' lang='lat' dir='ltr'><strong>libello</strong></span> <span class='ocrx_word' id='word_1_64' title='bbox 1124 744 1339 787; x_wconf 87' lang='lat' dir='ltr'><strong>fluxerunt</strong></span> <span class='ocrx_word' id='word_1_65' title='bbox 1359 747 1548 801; x_wconf 88' lang='lat' dir='ltr'><strong>omncs);</strong></span> <span class='ocrx_word' id='word_1_66' title='bbox 1571 746 1689 789; x_wconf 89' lang='lat' dir='ltr'><strong>velut</strong></span> <span class='ocrx_word' id='word_1_67' title='bbox 1707 762 1855 790; x_wconf 88' lang='lat' dir='ltr'><strong>versus</strong></span> 
     </span>
     <span class='ocr_line' id='line_1_9' title="bbox 358 807 1857 870; baseline 0.005 -23"><span class='ocrx_word' id='word_1_68' title='bbox 358 807 434 858; x_wconf 86' lang='lat'><strong>37,</strong></span> <span class='ocrx_word' id='word_1_69' title='bbox 466 807 747 849; x_wconf 84' lang='lat' dir='ltr'><strong>Terentianus</strong></span> <span class='ocrx_word' id='word_1_70' title='bbox 777 809 969 851; x_wconf 82' lang='lat' dir='ltr'><strong>Andriae</strong></span> <span class='ocrx_word' id='word_1_71' title='bbox 998 810 1046 864; x_wconf 88' lang='lat'><strong>3,</strong></span> <span class='ocrx_word' id='word_1_72' title='bbox 1077 811 1124 863; x_wconf 86' lang='lat'><strong>3,</strong></span> <span class='ocrx_word' id='word_1_73' title='bbox 1156 811 1230 864; x_wconf 81' lang='lat'><strong>23,</strong></span> <span class='ocrx_word' id='word_1_74' title='bbox 1265 812 1348 853; x_wconf 90' lang='lat' dir='ltr'><strong>nisi</strong></span> <span class='ocrx_word' id='word_1_75' title='bbox 1379 819 1442 854; x_wconf 89' lang='lat' dir='ltr'><strong>est</strong></span> <span class='ocrx_word' id='word_1_76' title='bbox 1471 812 1526 854; x_wconf 88' lang='lat' dir='ltr'><strong>ab</strong></span> <span class='ocrx_word' id='word_1_77' title='bbox 1556 813 1857 870; x_wconf 79' lang='lat' dir='ltr'><strong>interpolatore</strong></span> 
     </span>
     <span class='ocr_line' id='line_1_10' title="bbox 355 872 1856 936; baseline 0.005 -23"><span class='ocrx_word' id='word_1_78' title='bbox 355 872 551 926; x_wconf 82' lang='lat' dir='ltr'><strong>additus,</strong></span> <span class='ocrx_word' id='word_1_79' title='bbox 593 873 767 916; x_wconf 82' lang='lat' dir='ltr'><strong>editoris</strong></span> <span class='ocrx_word' id='word_1_80' title='bbox 805 876 945 931; x_wconf 84' lang='lat' dir='ltr'><strong>potius</strong></span> <span class='ocrx_word' id='word_1_81' title='bbox 976 876 1246 932; x_wconf 85' lang='lat' dir='ltr'><strong>neglegentia</strong></span> <span class='ocrx_word' id='word_1_82' title='bbox 1275 879 1499 935; x_wconf 81' lang='lat' dir='ltr'><strong>irrepsisse</strong></span> <span class='ocrx_word' id='word_1_83' title='bbox 1529 879 1701 921; x_wconf 89' lang='lat' dir='ltr'><strong>videtur</strong></span> <span class='ocrx_word' id='word_1_84' title='bbox 1730 895 1856 936; x_wconf 88' lang='lat' dir='ltr'><strong>quam</strong></span> 
     </span>
     <span class='ocr_line' id='line_1_11' title="bbox 355 939 1853 999; baseline 0.005 -19"><span class='ocrx_word' id='word_1_85' title='bbox 355 939 410 980; x_wconf 89' lang='lat' dir='ltr'><strong>ab</strong></span> <span class='ocrx_word' id='word_1_86' title='bbox 449 941 542 996; x_wconf 90' lang='lat' dir='ltr'><strong>ipso</strong></span> <span class='ocrx_word' id='word_1_87' title='bbox 580 940 764 983; x_wconf 89' lang='lat' dir='ltr'><strong>Publilio</strong></span> <span class='ocrx_word' id='word_1_88' title='bbox 802 943 846 982; x_wconf 90' lang='lat' dir='ltr'><strong>in</strong></span> <span class='ocrx_word' id='word_1_89' title='bbox 883 957 1034 984; x_wconf 83' lang='lat' dir='ltr'><strong>scaena</strong></span> <span class='ocrx_word' id='word_1_90' title='bbox 1071 944 1292 999; x_wconf 86' lang='lat' dir='ltr'><strong>repetitus.</strong></span> <span class='ocrx_word' id='word_1_91' title='bbox 1351 945 1418 986; x_wconf 93' lang='lat' dir='ltr'><strong>De</strong></span> <span class='ocrx_word' id='word_1_92' title='bbox 1450 959 1577 986; x_wconf 90' lang='lat' dir='ltr'><strong>versu</strong></span> <span class='ocrx_word' id='word_1_93' title='bbox 1605 947 1687 988; x_wconf 87' lang='lat'><strong>338</strong></span> <span class='ocrx_word' id='word_1_94' title='bbox 1716 946 1853 988; x_wconf 89' lang='lat' dir='ltr'><strong>Labe-</strong></span> 
     </span>
     <span class='ocr_line' id='line_1_12' title="bbox 357 1007 1854 1060; baseline 0.005 -14"><span class='ocrx_word' id='word_1_95' title='bbox 357 1007 501 1060; x_wconf 82' lang='lat' dir='ltr'><strong>riano,</strong></span> <span class='ocrx_word' id='word_1_96' title='bbox 541 1013 582 1048; x_wconf 90' lang='lat' dir='ltr'><strong>ct</strong></span> <span class='ocrx_word' id='word_1_97' title='bbox 611 1008 696 1049; x_wconf 88' lang='lat'><strong>430</strong></span> <span class='ocrx_word' id='word_1_98' title='bbox 724 1008 922 1051; x_wconf 87' lang='lat' dir='ltr'><strong>Enniano</strong></span> <span class='ocrx_word' id='word_1_99' title='bbox 961 1008 1158 1051; x_wconf 89' lang='lat' dir='ltr'><strong>dubitare</strong></span> <span class='ocrx_word' id='word_1_100' title='bbox 1186 1009 1300 1052; x_wconf 90' lang='lat' dir='ltr'><strong>licet.</strong></span> <span class='ocrx_word' id='word_1_101' title='bbox 1360 1011 1471 1053; x_wconf 90' lang='lat' dir='ltr'><strong>Num</strong></span> <span class='ocrx_word' id='word_1_102' title='bbox 1502 1028 1543 1054; x_wconf 85' lang='lat' dir='ltr'><strong>v.</strong></span> <span class='ocrx_word' id='word_1_103' title='bbox 1573 1013 1656 1054; x_wconf 83' lang='lat'><strong>236</strong></span> <span class='ocrx_word' id='word_1_104' title='bbox 1684 1027 1854 1054; x_wconf 86' lang='lat' dir='ltr'><strong>accura-</strong></span> 
     </span>
     <span class='ocr_line' id='line_1_13' title="bbox 357 1073 1855 1135; baseline 0.005 -22"><span class='ocrx_word' id='word_1_105' title='bbox 357 1074 523 1114; x_wconf 79' lang='lat' dir='ltr'><strong>tissime</strong></span> <span class='ocrx_word' id='word_1_106' title='bbox 544 1073 719 1115; x_wconf 88' lang='lat' dir='ltr'><strong>Publilii</strong></span> <span class='ocrx_word' id='word_1_107' title='bbox 742 1074 874 1117; x_wconf 81' lang='lat' dir='ltr'><strong>venba</strong></span> <span class='ocrx_word' id='word_1_108' title='bbox 892 1075 1144 1126; x_wconf 85' lang='lat' dir='ltr'><strong>reddiderit,</strong></span> <span class='ocrx_word' id='word_1_109' title='bbox 1168 1077 1327 1120; x_wconf 88' lang='lat' dir='ltr'><strong>viderit</strong></span> <span class='ocrx_word' id='word_1_110' title='bbox 1346 1078 1452 1134; x_wconf 89' lang='lat' dir='ltr'><strong>ipse.</strong></span> <span class='ocrx_word' id='word_1_111' title='bbox 1507 1079 1658 1135; x_wconf 89' lang='lat' dir='ltr'><strong>Aeque</strong></span> <span class='ocrx_word' id='word_1_112' title='bbox 1679 1079 1855 1121; x_wconf 90' lang='lat' dir='ltr'><strong>dubium</strong></span> 
     </span>
     <span class='ocr_line' id='line_1_14' title="bbox 359 1139 1764 1198; baseline 0.006 -19"><span class='ocrx_word' id='word_1_113' title='bbox 359 1139 544 1193; x_wconf 86' lang='lat' dir='ltr'><strong>videtur,</strong></span> <span class='ocrx_word' id='word_1_114' title='bbox 577 1147 718 1181; x_wconf 86' lang='lat' dir='ltr'><strong>utrum</strong></span> <span class='ocrx_word' id='word_1_115' title='bbox 749 1156 791 1183; x_wconf 81' lang='lat' dir='ltr'><strong>v,</strong></span> <span class='ocrx_word' id='word_1_116' title='bbox 827 1142 905 1183; x_wconf 89' lang='lat'><strong>119</strong></span> <span class='ocrx_word' id='word_1_117' title='bbox 936 1149 978 1183; x_wconf 89' lang='lat' dir='ltr'><strong>ct</strong></span> <span class='ocrx_word' id='word_1_118' title='bbox 1005 1142 1102 1196; x_wconf 83' lang='lat'><strong>438,</strong></span> <span class='ocrx_word' id='word_1_119' title='bbox 1135 1157 1238 1198; x_wconf 90' lang='lat' dir='ltr'><strong>quos</strong></span> <span class='ocrx_word' id='word_1_120' title='bbox 1269 1143 1436 1186; x_wconf 87' lang='lat' dir='ltr'><strong>codices</strong></span> <span class='ocrx_word' id='word_1_121' title='bbox 1467 1146 1527 1186; x_wconf 90' lang='lat' dir='ltr'><strong>sic</strong></span> <span class='ocrx_word' id='word_1_122' title='bbox 1558 1145 1764 1187; x_wconf 85' lang='lat' dir='ltr'><strong>exhibent</strong></span> 
     </span>
    </p>
   </div>
   <div class='ocr_carea' id='block_1_3' title="bbox 545 1232 1566 1350">
    <p class='ocr_par' dir='ltr' id='par_1_3' title="bbox 545 1232 1566 1350">
     <span class='ocr_line' id='line_1_15' title="bbox 545 1232 1566 1284; baseline 0.005 -14"><span class='ocrx_word' id='word_1_123' title='bbox 545 1261 549 1262; x_wconf 18' lang='grc' dir='ltr'><em>γ</em></span> <span class='ocrx_word' id='word_1_124' title='bbox 623 1232 777 1272; x_wconf 64' lang='lat' dir='ltr'><strong>&amp;unctis</strong></span> <span class='ocrx_word' id='word_1_125' title='bbox 799 1238 921 1281; x_wconf 70' lang='lat' dir='ltr'><strong>potest</strong></span> <span class='ocrx_word' id='word_1_126' title='bbox 951 1236 1135 1279; x_wconf 80' lang='lat' dir='ltr'><strong>accidere,</strong></span> <span class='ocrx_word' id='word_1_127' title='bbox 1166 1237 1265 1283; x_wconf 80' lang='lat' dir='ltr'><strong>quod</strong></span> <span class='ocrx_word' id='word_1_128' title='bbox 1293 1238 1412 1275; x_wconf 78' lang='lat' dir='ltr'><strong>cuivis</strong></span> <span class='ocrx_word' id='word_1_129' title='bbox 1434 1241 1566 1284; x_wconf 75' lang='lat' dir='ltr'><strong>potest.</strong></span> 
     </span>
     <span class='ocr_line' id='line_1_16' title="bbox 623 1299 1476 1350; baseline 0.007 -14"><span class='ocrx_word' id='word_1_130' title='bbox 623 1299 654 1336; x_wconf 90' lang='lat' dir='ltr'><em>O</em></span> <span class='ocrx_word' id='word_1_131' title='bbox 681 1301 799 1338; x_wconf 75' lang='lat' dir='ltr'><strong>vitam</strong></span> <span class='ocrx_word' id='word_1_132' title='bbox 828 1303 963 1339; x_wconf 76' lang='lat' dir='ltr'><strong>misero</strong></span> <span class='ocrx_word' id='word_1_133' title='bbox 992 1303 1163 1350; x_wconf 63' lang='lat' dir='ltr'><strong>lowam,</strong></span> <span class='ocrx_word' id='word_1_134' title='bbox 1192 1302 1292 1349; x_wconf 76' lang='lat' dir='ltr'><strong>felici</strong></span> <span class='ocrx_word' id='word_1_135' title='bbox 1323 1305 1476 1346; x_wconf 79' lang='lat' dir='ltr'><strong>brevem.</strong></span> 
     </span>
    </p>
   </div>
   <div class='ocr_carea' id='block_1_4' title="bbox 360 1383 1853 1509">
    <p class='ocr_par' dir='ltr' id='par_1_4' title="bbox 360 1383 1853 1509">
     <span class='ocr_line' id='line_1_17' title="bbox 360 1383 1853 1446; baseline 0.004 -22"><span class='ocrx_word' id='word_1_136' title='bbox 360 1383 536 1425; x_wconf 87' lang='lat' dir='ltr'><strong>editoris</strong></span> <span class='ocrx_word' id='word_1_137' title='bbox 558 1399 613 1425; x_wconf 84' lang='lat' dir='ltr'><strong>an</strong></span> <span class='ocrx_word' id='word_1_138' title='bbox 633 1384 902 1428; x_wconf 85' lang='lat' dir='ltr'><strong>librariorum</strong></span> <span class='ocrx_word' id='word_1_139' title='bbox 925 1387 1050 1443; x_wconf 82' lang='lat' dir='ltr'><strong>culpa</strong></span> <span class='ocrx_word' id='word_1_140' title='bbox 1069 1388 1131 1429; x_wconf 89' lang='lat' dir='ltr'><strong>sic</strong></span> <span class='ocrx_word' id='word_1_141' title='bbox 1156 1387 1326 1430; x_wconf 85' lang='lat' dir='ltr'><strong>formati</strong></span> <span class='ocrx_word' id='word_1_142' title='bbox 1347 1390 1445 1441; x_wconf 89' lang='lat' dir='ltr'><strong>sint,</strong></span> <span class='ocrx_word' id='word_1_143' title='bbox 1477 1404 1571 1430; x_wconf 85' lang='lat' dir='ltr'><strong>cum</strong></span> <span class='ocrx_word' id='word_1_144' title='bbox 1593 1389 1720 1430; x_wconf 87' lang='lat' dir='ltr'><strong>iidem</strong></span> <span class='ocrx_word' id='word_1_145' title='bbox 1742 1389 1853 1446; x_wconf 85' lang='lat' dir='ltr'><strong>apud</strong></span> 
     </span>
     <span class='ocr_line' id='line_1_18' title="bbox 362 1451 1083 1509; baseline 0.006 -18"><span class='ocrx_word' id='word_1_146' title='bbox 362 1451 565 1492; x_wconf 83' lang='lat' dir='ltr'><strong>Senecam</strong></span> <span class='ocrx_word' id='word_1_147' title='bbox 597 1453 659 1492; x_wconf 90' lang='lat' dir='ltr'><strong>sic</strong></span> <span class='ocrx_word' id='word_1_148' title='bbox 689 1453 837 1508; x_wconf 87' lang='lat' dir='ltr'><strong>scripti</strong></span> <span class='ocrx_word' id='word_1_149' title='bbox 866 1452 1083 1509; x_wconf 81' lang='lat' dir='ltr'><strong>legantur:</strong></span> 
     </span>
    </p>
   </div>
   <div class='ocr_carea' id='block_1_5' title="bbox 622 1543 1600 1662">
    <p class='ocr_par' dir='ltr' id='par_1_5' title="bbox 622 1543 1600 1662">
     <span class='ocr_line' id='line_1_19' title="bbox 625 1543 1600 1596; baseline 0.005 -14"><span class='ocrx_word' id='word_1_150' title='bbox 625 1543 755 1583; x_wconf 79' lang='lat' dir='ltr'><strong>Cuivis</strong></span> <span class='ocrx_word' id='word_1_151' title='bbox 776 1549 897 1592; x_wconf 74' lang='lat' dir='ltr'><strong>potest</strong></span> <span class='ocrx_word' id='word_1_152' title='bbox 927 1547 1109 1592; x_wconf 67' lang='lat' dir='ltr'><strong>accidere,</strong></span> <span class='ocrx_word' id='word_1_153' title='bbox 1140 1548 1240 1594; x_wconf 79' lang='lat' dir='ltr'><strong>quod</strong></span> <span class='ocrx_word' id='word_1_154' title='bbox 1268 1550 1446 1596; x_wconf 76' lang='lat' dir='ltr'><strong>cuiquam</strong></span> <span class='ocrx_word' id='word_1_155' title='bbox 1468 1553 1600 1596; x_wconf 75' lang='lat' dir='ltr'><strong>potest.</strong></span> 
     </span>
     <span class='ocr_line' id='line_1_20' title="bbox 622 1610 1376 1662; baseline 0.005 -14"><span class='ocrx_word' id='word_1_156' title='bbox 622 1610 653 1648; x_wconf 93' lang='lat' dir='ltr'><em>O</em></span> <span class='ocrx_word' id='word_1_157' title='bbox 681 1613 759 1649; x_wconf 75' lang='lat' dir='ltr'><strong>vita</strong></span> <span class='ocrx_word' id='word_1_158' title='bbox 787 1614 924 1650; x_wconf 75' lang='lat' dir='ltr'><strong>misero</strong></span> <span class='ocrx_word' id='word_1_159' title='bbox 953 1613 1085 1662; x_wconf 79' lang='lat' dir='ltr'><strong>louya,</strong></span> <span class='ocrx_word' id='word_1_160' title='bbox 1114 1613 1214 1660; x_wconf 80' lang='lat' dir='ltr'><strong>felici</strong></span> <span class='ocrx_word' id='word_1_161' title='bbox 1245 1615 1376 1653; x_wconf 74' lang='lat' dir='ltr'><strong>brevis.</strong></span> 
     </span>
    </p>
   </div>
   <div class='ocr_carea' id='block_1_6' title="bbox 355 1696 1856 2283">
    <p class='ocr_par' dir='ltr' id='par_1_6' title="bbox 355 1696 1856 2283">
     <span class='ocr_line' id='line_1_21' title="bbox 466 1696 1854 1757; baseline 0.004 -22"><span class='ocrx_word' id='word_1_162' title='bbox 466 1696 558 1736; x_wconf 85' lang='lat' dir='ltr'><strong>Iam</strong></span> <span class='ocrx_word' id='word_1_163' title='bbox 597 1696 697 1736; x_wconf 89' lang='lat' dir='ltr'><strong>inde</strong></span> <span class='ocrx_word' id='word_1_164' title='bbox 726 1711 751 1736; x_wconf 88' lang='lat' dir='ltr'><strong>a</strong></span> <span class='ocrx_word' id='word_1_165' title='bbox 782 1696 913 1738; x_wconf 83' lang='lat' dir='ltr'><strong>Gellii</strong></span> <span class='ocrx_word' id='word_1_166' title='bbox 950 1698 1213 1755; x_wconf 86' lang='lat' dir='ltr'><strong>temporibus</strong></span> <span class='ocrx_word' id='word_1_167' title='bbox 1250 1713 1326 1755; x_wconf 91' lang='lat' dir='ltr'><strong>per</strong></span> <span class='ocrx_word' id='word_1_168' title='bbox 1363 1700 1446 1741; x_wconf 91' lang='lat' dir='ltr'><strong>duo</strong></span> <span class='ocrx_word' id='word_1_169' title='bbox 1475 1699 1657 1757; x_wconf 89' lang='lat' dir='ltr'><strong>amplius</strong></span> <span class='ocrx_word' id='word_1_170' title='bbox 1687 1700 1854 1741; x_wconf 81' lang='lat' dir='ltr'><strong>saecula</strong></span> 
     </span>
     <span class='ocr_line' id='line_1_22' title="bbox 357 1761 1852 1823; baseline 0.004 -21"><span class='ocrx_word' id='word_1_171' title='bbox 357 1761 487 1802; x_wconf 86' lang='lat' dir='ltr'><strong>altum</strong></span> <span class='ocrx_word' id='word_1_172' title='bbox 528 1762 581 1803; x_wconf 88' lang='lat' dir='ltr'><strong>de</strong></span> <span class='ocrx_word' id='word_1_173' title='bbox 611 1762 797 1804; x_wconf 93' lang='lat' dir='ltr'><strong>Publilio</strong></span> <span class='ocrx_word' id='word_1_174' title='bbox 828 1762 1046 1805; x_wconf 88' lang='lat' dir='ltr'><strong>silentium</strong></span> <span class='ocrx_word' id='word_1_175' title='bbox 1076 1771 1151 1806; x_wconf 90' lang='lat' dir='ltr'><strong>est.</strong></span> <span class='ocrx_word' id='word_1_176' title='bbox 1211 1765 1319 1806; x_wconf 88' lang='lat' dir='ltr'><strong>Nam</strong></span> <span class='ocrx_word' id='word_1_177' title='bbox 1351 1767 1463 1822; x_wconf 89' lang='lat' dir='ltr'><strong>quod</strong></span> <span class='ocrx_word' id='word_1_178' title='bbox 1499 1767 1852 1823; x_wconf 86' lang='lat' dir='ltr'><strong>Hieronymus</strong></span> 
     </span>
     <span class='ocr_line' id='line_1_23' title="bbox 358 1828 1855 1896; baseline 0.005 -28"><span class='ocrx_word' id='word_1_179' title='bbox 358 1830 403 1868; x_wconf 91' lang='lat' dir='ltr'><strong>in</strong></span> <span class='ocrx_word' id='word_1_180' title='bbox 444 1828 626 1884; x_wconf 85' lang='lat' dir='ltr'><strong>epistula</strong></span> <span class='ocrx_word' id='word_1_181' title='bbox 662 1828 717 1869; x_wconf 85' lang='lat' dir='ltr'><strong>ad</strong></span> <span class='ocrx_word' id='word_1_182' title='bbox 754 1829 933 1871; x_wconf 80' lang='lat' dir='ltr'><strong>Laetam</strong></span> <span class='ocrx_word' id='word_1_183' title='bbox 974 1832 1048 1871; x_wconf 82' lang='lat'><strong>107</strong></span> <span class='ocrx_word' id='word_1_184' title='bbox 1090 1831 1193 1885; x_wconf 89' lang='lat' dir='ltr'><strong>(vol.</strong></span> <span class='ocrx_word' id='word_1_185' title='bbox 1225 1831 1260 1872; x_wconf 93' lang='lat' dir='ltr'><strong>I.</strong></span> <span class='ocrx_word' id='word_1_186' title='bbox 1299 1848 1339 1888; x_wconf 93' lang='lat' dir='ltr'><strong>p.</strong></span> <span class='ocrx_word' id='word_1_187' title='bbox 1379 1833 1460 1874; x_wconf 78' lang='lat'><strong>679</strong></span> <span class='ocrx_word' id='word_1_188' title='bbox 1497 1832 1599 1874; x_wconf 87' lang='lat' dir='ltr'><strong>edit.</strong></span> <span class='ocrx_word' id='word_1_189' title='bbox 1634 1832 1855 1896; x_wconf 84' lang='lat' dir='ltr'><strong>Vallarsii)</strong></span> 
     </span>
     <span class='ocr_line' id='line_1_24' title="bbox 359 1895 1856 1953; baseline 0.005 -18"><span class='ocrx_word' id='word_1_190' title='bbox 359 1895 555 1951; x_wconf 84' lang='lat' dir='ltr'><strong>scripsit:</strong></span> <span class='ocrx_word' id='word_1_191' title='bbox 589 1895 691 1949; x_wconf 75' lang='lat' dir='ltr'><strong>Leyi</strong></span> <span class='ocrx_word' id='word_1_192' title='bbox 721 1898 926 1948; x_wconf 74' lang='lat' dir='ltr'><strong>quondam</strong></span> <span class='ocrx_word' id='word_1_193' title='bbox 956 1898 1002 1938; x_wconf 78' lang='lat' dir='ltr'><strong>iu</strong></span> <span class='ocrx_word' id='word_1_194' title='bbox 1031 1899 1176 1940; x_wconf 71' lang='lat' dir='ltr'><strong>scholis</strong></span> <span class='ocrx_word' id='word_1_195' title='bbox 1187 1913 1296 1952; x_wconf 68' lang='lat' dir='ltr'><strong>puer</strong></span> <span class='ocrx_word' id='word_1_196' title='bbox 1326 1899 1472 1952; x_wconf 73' lang='lat' dir='ltr'><strong>‘Aeyre</strong></span> <span class='ocrx_word' id='word_1_197' title='bbox 1491 1901 1724 1953; x_wconf 64' lang='lat' dir='ltr'><strong>reprendas,</strong></span> <span class='ocrx_word' id='word_1_198' title='bbox 1746 1900 1856 1953; x_wconf 78' lang='lat' dir='ltr'><strong>quod</strong></span> 
     </span>
     <span class='ocr_line' id='line_1_25' title="bbox 358 1963 1853 2023; baseline 0.003 -21"><span class='ocrx_word' id='word_1_199' title='bbox 358 1963 475 2003; x_wconf 72' lang='lat' dir='ltr'><strong>siuas</strong></span> <span class='ocrx_word' id='word_1_200' title='bbox 504 1966 781 2013; x_wconf 65' lang='lat' dir='ltr'><strong>cousuescew’,</strong></span> <span class='ocrx_word' id='word_1_201' title='bbox 815 1963 894 2004; x_wconf 91' lang='lat' dir='ltr'><strong>etsi</strong></span> <span class='ocrx_word' id='word_1_202' title='bbox 922 1963 1154 2005; x_wconf 87' lang='lat' dir='ltr'><strong>Publilium</strong></span> <span class='ocrx_word' id='word_1_203' title='bbox 1183 1964 1347 2007; x_wconf 88' lang='lat' dir='ltr'><strong>redolet</strong></span> <span class='ocrx_word' id='word_1_204' title='bbox 1377 1972 1418 2007; x_wconf 92' lang='lat' dir='ltr'><strong>et</strong></span> <span class='ocrx_word' id='word_1_205' title='bbox 1438 1965 1749 2023; x_wconf 85' lang='lat' dir='ltr'><strong>Hieronymum</strong></span> <span class='ocrx_word' id='word_1_206' title='bbox 1770 1966 1853 2008; x_wconf 88' lang='lat' dir='ltr'><strong>Ro-</strong></span> 
     </span>
     <span class='ocr_line' id='line_1_26' title="bbox 357 2028 1853 2088; baseline 0.005 -21"><span class='ocrx_word' id='word_1_207' title='bbox 357 2042 450 2068; x_wconf 85' lang='lat' dir='ltr'><strong>mae</strong></span> <span class='ocrx_word' id='word_1_208' title='bbox 480 2028 694 2069; x_wconf 85' lang='lat' dir='ltr'><strong>eruditum</strong></span> <span class='ocrx_word' id='word_1_209' title='bbox 725 2043 818 2070; x_wconf 88' lang='lat' dir='ltr'><strong>esse</strong></span> <span class='ocrx_word' id='word_1_210' title='bbox 849 2035 890 2070; x_wconf 90' lang='lat' dir='ltr'><strong>et</strong></span> <span class='ocrx_word' id='word_1_211' title='bbox 918 2029 1218 2084; x_wconf 79' lang='lat' dir='ltr'><strong>grammaticos</strong></span> <span class='ocrx_word' id='word_1_212' title='bbox 1245 2033 1387 2088; x_wconf 90' lang='lat' dir='ltr'><strong>pueris</strong></span> <span class='ocrx_word' id='word_1_213' title='bbox 1409 2033 1643 2074; x_wconf 88' lang='lat' dir='ltr'><strong>sententias</strong></span> <span class='ocrx_word' id='word_1_214' title='bbox 1663 2032 1853 2074; x_wconf 87' lang='lat' dir='ltr'><strong>ediscen-</strong></span> 
     </span>
     <span class='ocr_line' id='line_1_27' title="bbox 357 2094 1851 2154; baseline 0.003 -19"><span class='ocrx_word' id='word_1_215' title='bbox 357 2095 432 2136; x_wconf 85' lang='lat' dir='ltr'><strong>das</strong></span> <span class='ocrx_word' id='word_1_216' title='bbox 464 2094 635 2137; x_wconf 86' lang='lat' dir='ltr'><strong>dedisse</strong></span> <span class='ocrx_word' id='word_1_217' title='bbox 665 2102 830 2137; x_wconf 81' lang='lat' dir='ltr'><strong>constat</strong></span> <span class='ocrx_word' id='word_1_218' title='bbox 861 2095 979 2151; x_wconf 87' lang='lat' dir='ltr'><strong>(Sen.</strong></span> <span class='ocrx_word' id='word_1_219' title='bbox 1011 2098 1134 2154; x_wconf 89' lang='lat' dir='ltr'><strong>epist.</strong></span> <span class='ocrx_word' id='word_1_220' title='bbox 1165 2099 1233 2152; x_wconf 88' lang='lat'><strong>33,</strong></span> <span class='ocrx_word' id='word_1_221' title='bbox 1265 2099 1324 2154; x_wconf 88' lang='lat'><strong>7),</strong></span> <span class='ocrx_word' id='word_1_222' title='bbox 1355 2099 1399 2140; x_wconf 92' lang='lat' dir='ltr'><strong>in</strong></span> <span class='ocrx_word' id='word_1_223' title='bbox 1428 2100 1585 2141; x_wconf 86' lang='lat' dir='ltr'><strong>nostris</strong></span> <span class='ocrx_word' id='word_1_224' title='bbox 1614 2101 1755 2140; x_wconf 79' lang='lat' dir='ltr'><strong>tamen</strong></span> <span class='ocrx_word' id='word_1_225' title='bbox 1785 2114 1851 2141; x_wconf 89' lang='lat' dir='ltr'><strong>co-</strong></span> 
     </span>
     <span class='ocr_line' id='line_1_28' title="bbox 356 2161 1849 2220; baseline 0.004 -18"><span class='ocrx_word' id='word_1_226' title='bbox 356 2161 527 2203; x_wconf 88' lang='lat' dir='ltr'><strong>dicibus</strong></span> <span class='ocrx_word' id='word_1_227' title='bbox 564 2161 677 2203; x_wconf 91' lang='lat' dir='ltr'><strong>hunc</strong></span> <span class='ocrx_word' id='word_1_228' title='bbox 714 2162 886 2218; x_wconf 87' lang='lat' dir='ltr'><strong>quidem</strong></span> <span class='ocrx_word' id='word_1_229' title='bbox 923 2178 1095 2205; x_wconf 87' lang='lat' dir='ltr'><strong>versum</strong></span> <span class='ocrx_word' id='word_1_230' title='bbox 1123 2180 1207 2206; x_wconf 90' lang='lat' dir='ltr'><strong>non</strong></span> <span class='ocrx_word' id='word_1_231' title='bbox 1238 2165 1323 2220; x_wconf 87' lang='lat' dir='ltr'><strong>legi</strong></span> <span class='ocrx_word' id='word_1_232' title='bbox 1352 2165 1605 2207; x_wconf 89' lang='lat' dir='ltr'><strong>monendum</strong></span> <span class='ocrx_word' id='word_1_233' title='bbox 1637 2172 1723 2220; x_wconf 88' lang='lat' dir='ltr'><strong>est,</strong></span> <span class='ocrx_word' id='word_1_234' title='bbox 1760 2165 1849 2220; x_wconf 88' lang='lat' dir='ltr'><strong>sed,</strong></span> 
     </span>
     <span class='ocr_line' id='line_1_29' title="bbox 355 2227 1852 2283; baseline 0.004 -15"><span class='ocrx_word' id='word_1_235' title='bbox 355 2227 467 2283; x_wconf 88' lang='lat' dir='ltr'><strong>quod</strong></span> <span class='ocrx_word' id='word_1_236' title='bbox 506 2227 559 2268; x_wconf 85' lang='lat' dir='ltr'><strong>ad</strong></span> <span class='ocrx_word' id='word_1_237' title='bbox 598 2229 875 2282; x_wconf 86' lang='lat' dir='ltr'><strong>sententiam,</strong></span> <span class='ocrx_word' id='word_1_238' title='bbox 914 2244 999 2271; x_wconf 89' lang='lat' dir='ltr'><strong>non</strong></span> <span class='ocrx_word' id='word_1_239' title='bbox 1035 2230 1215 2273; x_wconf 84' lang='lat' dir='ltr'><strong>multum</strong></span> <span class='ocrx_word' id='word_1_240' title='bbox 1246 2231 1462 2273; x_wconf 84' lang='lat' dir='ltr'><strong>diversum</strong></span> <span class='ocrx_word' id='word_1_241' title='bbox 1494 2247 1535 2272; x_wconf 90' lang='lat' dir='ltr'><strong>v.</strong></span> <span class='ocrx_word' id='word_1_242' title='bbox 1567 2233 1620 2274; x_wconf 79' lang='lat'><strong>85</strong></span> <span class='ocrx_word' id='word_1_243' title='bbox 1651 2233 1852 2275; x_wconf 73' lang='lat' dir='ltr'><strong>Consueta</strong></span> 
     </span>
    </p>
   </div>
   <div class='ocr_carea' id='block_1_7' title="bbox 353 2295 1947 2349">
    <p class='ocr_par' dir='ltr' id='par_1_7' title="bbox 353 2295 1947 2349">
     <span class='ocr_line' id='line_1_30' title="bbox 353 2295 1947 2349; baseline 0.004 -15"><span class='ocrx_word' id='word_1_244' title='bbox 353 2296 457 2335; x_wconf 57' lang='lat' dir='ltr'><strong>‹iritia</strong></span> <span class='ocrx_word' id='word_1_245' title='bbox 484 2295 669 2346; x_wconf 52' lang='lat' dir='ltr'><strong>fluimus,</strong></span> <span class='ocrx_word' id='word_1_246' title='bbox 701 2309 784 2336; x_wconf 73' lang='lat' dir='ltr'><strong>nou</strong></span> <span class='ocrx_word' id='word_1_247' title='bbox 819 2298 1111 2349; x_wconf 59' lang='lat' dir='ltr'><strong>rcwmzdimus.</strong></span> <span class='ocrx_word' id='word_1_248' title='bbox 1171 2297 1459 2340; x_wconf 82' lang='lat' dir='ltr'><strong>Nihilominus</strong></span> <span class='ocrx_word' id='word_1_249' title='bbox 1490 2298 1559 2340; x_wconf 80' lang='lat' dir='ltr'><strong>vel</strong></span> <span class='ocrx_word' id='word_1_250' title='bbox 1589 2306 1702 2341; x_wconf 86' lang='lat' dir='ltr'><strong>certo</strong></span> <span class='ocrx_word' id='word_1_251' title='bbox 1731 2299 1849 2341; x_wconf 88' lang='lat' dir='ltr'><strong>testi·</strong></span> <span class='ocrx_word' id='word_1_252' title='bbox 1874 2314 1877 2316; x_wconf 52' lang='lat'><em>⁴</em></span> <span class='ocrx_word' id='word_1_253' title='bbox 1944 2328 1947 2329; x_wconf 29' lang='grc' dir='ltr'><em>ν</em></span> 
     </span>
    </p>
   </div>
   <div class='ocr_carea' id='block_1_8' title="bbox 347 2360 1917 2615">
    <p class='ocr_par' dir='ltr' id='par_1_8' title="bbox 347 2360 1917 2615">
     <span class='ocr_line' id='line_1_31' title="bbox 355 2360 1917 2421; baseline 0.004 -20"><span class='ocrx_word' id='word_1_254' title='bbox 355 2361 497 2402; x_wconf 88' lang='lat' dir='ltr'><strong>monio</strong></span> <span class='ocrx_word' id='word_1_255' title='bbox 528 2360 779 2403; x_wconf 85' lang='lat' dir='ltr'><strong>destitutum</strong></span> <span class='ocrx_word' id='word_1_256' title='bbox 810 2377 893 2403; x_wconf 89' lang='lat' dir='ltr'><strong>non</strong></span> <span class='ocrx_word' id='word_1_257' title='bbox 923 2364 1076 2406; x_wconf 84' lang='lat' dir='ltr'><strong>mirum</strong></span> <span class='ocrx_word' id='word_1_258' title='bbox 1106 2364 1262 2406; x_wconf 87' lang='lat' dir='ltr'><strong>habere</strong></span> <span class='ocrx_word' id='word_1_259' title='bbox 1292 2365 1434 2418; x_wconf 86' lang='lat' dir='ltr'><strong>debet,</strong></span> <span class='ocrx_word' id='word_1_260' title='bbox 1465 2364 1620 2421; x_wconf 87' lang='lat' dir='ltr'><strong>legisse</strong></span> <span class='ocrx_word' id='word_1_261' title='bbox 1640 2366 1850 2421; x_wconf 88' lang='lat' dir='ltr'><strong>Hierony·</strong></span> <span class='ocrx_word' id='word_1_262' title='bbox 1909 2390 1917 2397; x_wconf 92' lang='lat'><strong>·</strong></span> 
     </span>
     <span class='ocr_line' id='line_1_32' title="bbox 355 2427 1849 2486; baseline 0.003 -19"><span class='ocrx_word' id='word_1_263' title='bbox 355 2442 470 2469; x_wconf 85' lang='lat' dir='ltr'><strong>mum</strong></span> <span class='ocrx_word' id='word_1_264' title='bbox 501 2427 678 2469; x_wconf 88' lang='lat' dir='ltr'><strong>Publilii</strong></span> <span class='ocrx_word' id='word_1_265' title='bbox 716 2442 886 2470; x_wconf 86' lang='lat' dir='ltr'><strong>versus:</strong></span> <span class='ocrx_word' id='word_1_266' title='bbox 929 2431 1184 2486; x_wconf 85' lang='lat' dir='ltr'><strong>suffragatur</strong></span> <span class='ocrx_word' id='word_1_267' title='bbox 1219 2432 1353 2484; x_wconf 87' lang='lat' dir='ltr'><strong>enim,</strong></span> <span class='ocrx_word' id='word_1_268' title='bbox 1393 2439 1440 2473; x_wconf 87' lang='lat' dir='ltr'><strong>ut</strong></span> <span class='ocrx_word' id='word_1_269' title='bbox 1475 2431 1582 2474; x_wconf 89' lang='lat' dir='ltr'><strong>nihil</strong></span> <span class='ocrx_word' id='word_1_270' title='bbox 1620 2431 1758 2473; x_wconf 81' lang='lat' dir='ltr'><strong>(licam</strong></span> <span class='ocrx_word' id='word_1_271' title='bbox 1795 2430 1849 2472; x_wconf 91' lang='lat' dir='ltr'><strong>dc</strong></span> 
     </span>
     <span class='ocr_line' id='line_1_33' title="bbox 349 2493 1847 2555; baseline 0.004 -21"><span class='ocrx_word' id='word_1_272' title='bbox 349 2494 538 2536; x_wconf 84' lang='lat' dir='ltr'><strong>chronici</strong></span> <span class='ocrx_word' id='word_1_273' title='bbox 570 2493 660 2537; x_wconf 92' lang='lat' dir='ltr'><strong>loco</strong></span> <span class='ocrx_word' id='word_1_274' title='bbox 691 2510 818 2551; x_wconf 85' lang='lat' dir='ltr'><strong>supra</strong></span> <span class='ocrx_word' id='word_1_275' title='bbox 846 2495 976 2538; x_wconf 86' lang='lat' dir='ltr'><strong>allato</strong></span> <span class='ocrx_word' id='word_1_276' title='bbox 1007 2498 1082 2551; x_wconf 90' lang='lat' dir='ltr'><strong>(cf.</strong></span> <span class='ocrx_word' id='word_1_277' title='bbox 1113 2512 1184 2555; x_wconf 89' lang='lat' dir='ltr'><strong>pg.</strong></span> <span class='ocrx_word' id='word_1_278' title='bbox 1214 2498 1305 2554; x_wconf 88' lang='lat'><strong>10),</strong></span> <span class='ocrx_word' id='word_1_279' title='bbox 1337 2499 1375 2539; x_wconf 90' lang='lat' dir='ltr'><strong>ei</strong></span> <span class='ocrx_word' id='word_1_280' title='bbox 1406 2499 1670 2540; x_wconf 85' lang='lat' dir='ltr'><strong>coniecturae</strong></span> <span class='ocrx_word' id='word_1_281' title='bbox 1700 2512 1847 2540; x_wconf 87' lang='lat' dir='ltr'><strong>versus</strong></span> 
     </span>
     <span class='ocr_line' id='line_1_34' title="bbox 347 2560 1454 2615; baseline 0.005 -14"><span class='ocrx_word' id='word_1_282' title='bbox 347 2561 401 2601; x_wconf 86' lang='lat' dir='ltr'><strong>ab</strong></span> <span class='ocrx_word' id='word_1_283' title='bbox 433 2560 577 2602; x_wconf 90' lang='lat' dir='ltr'><strong>codem</strong></span> <span class='ocrx_word' id='word_1_284' title='bbox 610 2560 823 2615; x_wconf 83' lang='lat' dir='ltr'><strong>laudatus,</strong></span> <span class='ocrx_word' id='word_1_285' title='bbox 855 2564 899 2604; x_wconf 90' lang='lat' dir='ltr'><strong>in</strong></span> <span class='ocrx_word' id='word_1_286' title='bbox 929 2563 1069 2606; x_wconf 81' lang='lat' dir='ltr'><strong>Iovin.</strong></span> <span class='ocrx_word' id='word_1_287' title='bbox 1100 2563 1174 2606; x_wconf 92' lang='lat' dir='ltr'><strong>lib.</strong></span> <span class='ocrx_word' id='word_1_288' title='bbox 1205 2565 1244 2607; x_wconf 92' lang='lat' dir='ltr'><strong>I.</strong></span> <span class='ocrx_word' id='word_1_289' title='bbox 1273 2566 1352 2607; x_wconf 87' lang='lat' dir='ltr'><strong>sub</strong></span> <span class='ocrx_word' id='word_1_290' title='bbox 1383 2566 1454 2607; x_wconf 82' lang='lat' dir='ltr'><strong>fin.</strong></span> 
     </span>
    </p>
   </div>
   <div class='ocr_carea' id='block_1_9' title="bbox 351 2630 1494 2761">
    <p class='ocr_par' dir='ltr' id='par_1_9' title="bbox 351 2630 1494 2761">
     <span class='ocr_line' id='line_1_35' title="bbox 614 2630 1494 2694; baseline 0.007 -14"><span class='ocrx_word' id='word_1_291' title='bbox 614 2642 782 2690; x_wconf 71' lang='lat' dir='ltr'><strong>Difficile</strong></span> <span class='ocrx_word' id='word_1_292' title='bbox 811 2646 1038 2690; x_wconf 75' lang='lat' dir='ltr'><strong>custoditur,</strong></span> <span class='ocrx_word' id='word_1_293' title='bbox 1069 2647 1169 2693; x_wconf 74' lang='lat' dir='ltr'><strong>quod</strong></span> <span class='ocrx_word' id='word_1_294' title='bbox 1189 2630 1321 2694; x_wconf 72' lang='lat' dir='ltr'><strong>plures</strong></span> <span class='ocrx_word' id='word_1_295' title='bbox 1348 2651 1494 2692; x_wconf 76' lang='lat' dir='ltr'><strong>amant,</strong></span> 
     </span>
     <span class='ocr_line' id='line_1_36' title="bbox 351 2715 1011 2761; baseline 0.008 -5"><span class='ocrx_word' id='word_1_296' title='bbox 351 2717 386 2756; x_wconf 84' lang='lat' dir='ltr'><strong>si</strong></span> <span class='ocrx_word' id='word_1_297' title='bbox 418 2715 645 2758; x_wconf 82' lang='lat' dir='ltr'><strong>contuleris</strong></span> <span class='ocrx_word' id='word_1_298' title='bbox 678 2730 717 2757; x_wconf 90' lang='lat' dir='ltr'><strong>v.</strong></span> <span class='ocrx_word' id='word_1_299' title='bbox 748 2718 829 2759; x_wconf 84' lang='lat'><strong>326</strong></span> <span class='ocrx_word' id='word_1_300' title='bbox 859 2726 900 2760; x_wconf 88' lang='lat' dir='ltr'><strong>ct</strong></span> <span class='ocrx_word' id='word_1_301' title='bbox 929 2719 1011 2761; x_wconf 83' lang='lat'><strong>408</strong></span> 
     </span>
    </p>
   </div>
   <div class='ocr_carea' id='block_1_10' title="bbox 574 2799 1595 2915">
    <p class='ocr_par' dir='ltr' id='par_1_10' title="bbox 574 2799 1595 2915">
     <span class='ocr_line' id='line_1_37' title="bbox 576 2799 1595 2849; baseline 0.003 -14"><span class='ocrx_word' id='word_1_302' title='bbox 576 2799 749 2837; x_wconf 69' lang='lat' dir='ltr'><strong>Maximo</strong></span> <span class='ocrx_word' id='word_1_303' title='bbox 770 2801 913 2847; x_wconf 70' lang='lat' dir='ltr'><strong>periclo</strong></span> <span class='ocrx_word' id='word_1_304' title='bbox 942 2802 1159 2846; x_wconf 74' lang='lat' dir='ltr'><strong>custoditur,</strong></span> <span class='ocrx_word' id='word_1_305' title='bbox 1189 2803 1288 2849; x_wconf 83' lang='lat' dir='ltr'><strong>quod</strong></span> <span class='ocrx_word' id='word_1_306' title='bbox 1314 2802 1443 2840; x_wconf 72' lang='lat' dir='ltr'><strong>multis</strong></span> <span class='ocrx_word' id='word_1_307' title='bbox 1462 2801 1595 2849; x_wconf 66' lang='lat' dir='ltr'><strong>placei.</strong></span> 
     </span>
     <span class='ocr_line' id='line_1_38' title="bbox 574 2864 1540 2915; baseline 0.003 -14"><span class='ocrx_word' id='word_1_308' title='bbox 574 2864 662 2901; x_wconf 71' lang='lat' dir='ltr'><strong>Nou</strong></span> <span class='ocrx_word' id='word_1_309' title='bbox 693 2866 803 2910; x_wconf 70' lang='lat' dir='ltr'><strong>facile</strong></span> <span class='ocrx_word' id='word_1_310' title='bbox 831 2868 933 2905; x_wconf 80' lang='lat' dir='ltr'><strong>solus</strong></span> <span class='ocrx_word' id='word_1_311' title='bbox 960 2879 1101 2912; x_wconf 80' lang='lat' dir='ltr'><strong>serves,</strong></span> <span class='ocrx_word' id='word_1_312' title='bbox 1131 2869 1231 2915; x_wconf 78' lang='lat' dir='ltr'><strong>quod</strong></span> <span class='ocrx_word' id='word_1_313' title='bbox 1256 2869 1386 2906; x_wconf 69' lang='lat' dir='ltr'><strong>multis</strong></span> <span class='ocrx_word' id='word_1_314' title='bbox 1406 2868 1540 2915; x_wconf 67' lang='lat' dir='ltr'><strong>placet.</strong></span> 
     </span>
    </p>
   </div>
  </div>
 </body>
</html>
