1956 3308
582 231 788 262 PUBLILII
819 231 923 263 sym
955 232 1259 263 SENTENTIAE.
1626 221 1680 263 89

276 332 526 375 Misericors
557 332 668 374 civis
698 333 865 390 patriae
896 339 961 376 est
991 332 1242 377 consolatio.

275 399 445 443 Malitia
474 405 523 442 ut
551 401 672 457 peior
701 401 863 456 veniat,
895 416 940 444 se
970 400 1145 444 simulat
1173 401 1345 443 bonam.

275 466 418 509 Malus
447 468 617 509 animus
647 469 692 510 in
723 475 888 512 secreto
918 470 1039 530 peius
1071 469 1251 524 cogitat.-

164 518 247 579 370
275 535 446 578 Mutare
475 536 591 592 quod
620 550 707 578 non
735 537 893 593 possis,
923 542 971 578 ut
1000 542 1148 578 natum
1179 542 1257 590 est,
1288 536 1415 578 feras.

275 602 415 645 Multa
443 610 544 646 ante
573 609 773 661 temptes,
805 619 934 661 quam
964 604 1107 645 virum
1138 603 1336 646 invenias
1366 603 1540 646 bonum.

275 671 569 714 Miserrimum
599 678 665 713 est
693 671 874 730 arbitrio
903 671 1080 714 alterius
1111 670 1275 713 vivere.

276 738 506 781 Mansueta
534 739 694 782 tutiora
723 745 839 794 sunt,
871 739 948 781 sed
978 739 1187 781 serviunt.

276 806 394 849 Mala
422 820 536 848 mors
565 807 839 849 necessitatis
870 805 1129 849 contumelia
1159 812 1237 848 est.

164 879 244 916 375
275 873 422 916 Minus
452 888 582 930 saepe
610 889 778 931 pecces,
809 875 847 916 si
878 876 989 917 scias
1020 874 1137 931 quod
1166 874 1348 916 nescias.

244 969 251 974 -
275 941 418 984 Malus
449 943 708 998 quicumque
737 942 783 984 in
813 957 952 999 poena
982 949 1062 996 est,
1093 940 1359 999 praesidium
1389 947 1452 982 est
1484 941 1622 982 bonis.

277 1009 353 1051 Nil
380 1023 512 1065 agere
542 1024 711 1066 semper
739 1009 906 1052 infelici
937 1016 1001 1052 est
1031 1011 1253 1067 optimum.

278 1076 353 1119 Nil
382 1082 562 1134 peccent
592 1076 720 1131 oculi,
752 1078 790 1119 si
821 1079 989 1120 animus
1019 1077 1155 1120 oculis
1185 1077 1381 1133 imperet.

278 1144 353 1186 Nil
382 1145 605 1202 proprium
635 1144 783 1199 ducas,
815 1144 1030 1202 quidquid
1060 1145 1217 1186 mutari
1247 1150 1403 1201 potest.

166 1217 248 1255 380
277 1212 375 1254 Non
405 1213 491 1255 cito
520 1205 646 1254 ruina
675 1213 903 1269 opteritur,
934 1213 1009 1269 qui
1037 1212 1193 1254 rimam
1222 1213 1359 1254 timet.

278 1278 433 1322 Nullus
456 1286 522 1322 est
541 1286 630 1322 tam
650 1281 768 1322 tutus
791 1286 1010 1337 quaestus,
1027 1281 1158 1337 quam
1178 1279 1293 1336 quod
1313 1278 1475 1320 habeas
1496 1279 1686 1335 parcere.

277 1347 458 1390 Nescias
489 1347 595 1404 quid
625 1349 746 1405 optes
777 1354 852 1390 aut
882 1347 987 1404 quid
1017 1347 1182 1403 fugias:
1213 1347 1274 1389 ita
1305 1345 1417 1388 ludit
1447 1345 1556 1387 dies.

278 1415 525 1472 Numquam
554 1414 763 1473 periclum
795 1416 888 1457 sine
917 1414 1079 1472 periclo
1110 1415 1313 1463 vincitur.

167 1633 347 1662 comens
369 1635 402 1660 v.
426 1622 666 1661 341-376:
689 1624 727 1659 F
743 1621 825 1670 (T),
856 1634 888 1657 v.
912 1622 1153 1660 377—386:
1175 1622 1285 1659 ΡΜ·
1301 1620 1430 1669 (TEC)

281 1725 362 1762 367
395 1725 453 1772 Cf.
476 1724 570 1761 471.
592 1723 674 1761 475
809 1723 890 1761 368
922 1723 980 1771 Cf.
1003 1736 1036 1760 υ.
1060 1724 1109 1761 61
1245 1722 1326 1760 369
1359 1723 1416 1770 Cf.
1439 1734 1470 1759 v.
1494 1720 1575 1758 457

168 1782 252 1819 370
282 1781 339 1829 Cf.
363 1794 395 1819 v.
421 1781 501 1818 176
607 1780 752 1816 Μυκη-θ
775 1778 862 1828 (εἰει
892 1792 968 1817 non
997 1778 1140 1825 mutari)
1170 1791 1205 1827 q.
1228 1791 1261 1815 n.
1284 1780 1380 1828 potis
1410 1784 1466 1815 est
1487 1779 1630 1815 Gruter
1649 1780 1686 1814 in

167 1840 255 1876 edit.
283 1850 318 1874 α.
343 1838 474 1884 1610,
505 1848 640 1874 versus
666 1838 911 1874 desideratur
936 1839 974 1873 in
1004 1839 1142 1873 ceteris
1164 1837 1244 1872 edd.
1425 1834 1503 1871 371
1537 1838 1689 1882 temptes

166 1897 320 1932 restitui
348 1905 401 1931 ex
421 1895 474 1930 F.-
505 1899 645 1942 tempus
675 1894 840 1930 editores
955 1892 1035 1930 372
1067 1892 1140 1929 arb.
1169 1892 1317 1928 alterius
1340 1892 1501 1929 Gruter.-
1531 1889 1592 1926 alt.
1615 1889 1688 1926 arb.

168 1952 206 1987 F
316 1950 397 1988 374
430 1950 488 1997 Cf.
511 1950 660 1987 Seneca
683 1953 791 1997 epist.
815 1950 888 1996 70,
912 1948 984 1986 20:
1017 1949 1103 1985 ‘hoc
1133 1949 1200 1985 fuit
1231 1949 1337 1984 morti
1368 1946 1617 1984 contumeliam
1641 1946 1690 1981 sa-

167 2006 279 2044 cere.’
395 2006 476 2044 375
508 2005 605 2054 quod
627 2007 680 2042 F.-
711 2005 795 2054 quid
818 2007 982 2042 editores
1097 2005 1178 2042 376
1210 2003 1268 2051 Cf.
1291 2017 1322 2043 v.
1346 2003 1426 2041 536
1529 2002 1608 2039 377
1641 2001 1689 2037 nil

168 2064 341 2112 Inqolsl..·
370 2062 459 2099 nihil
479 2062 542 2099 LC
667 2062 800 2098 infelici
822 2062 851 2098 C
869 2063 1077 2098 Erasmus.-
1107 2061 1257 2097 infelicis
1279 2061 1407 2107 PRF,
1437 2059 1548 2095 felicis
1571 2058 1687 2094 Bern.

282 2124 356 2167 opt.
379 2124 436 2155 est
458 2118 488 2155 C
599 2118 680 2156 378
711 2118 760 2154 nil
784 2119 994 2155 Erasmus.-
1024 2117 1109 2154 nihil
1131 2116 1231 2154 LEO
1342 2120 1491 2164 peccant
1513 2114 1580 2151 EC

169 2176 307 2212 animus
336 2174 449 2212 oculis
471 2175 582 2212 PRE'
600 2175 806 2211 Erasmus:
837 2185 891 2211 oc.
919 2186 975 2211 an.
999 2173 1065 2211 FC
1090 2176 1219 2221 vulqo,
1251 2172 1319 2208 illis
1350 2183 1406 2208 an.
1431 2171 1564 2218 Mc'ihly

169 2234 318 2281 imperat
339 2230 410 2269 RC
520 2230 600 2268 379
631 2231 680 2268 nil
703 2232 911 2267 Erasmus.-
942 2230 1029 2267 nihil
1051 2230 1113 2267 Lo
1231 2228 1339 2265 ducas
1361 2229 1430 2265 PR
1464 2228 1564 2264 Vino.
1588 2227 1685 2262 Bell.

169 2300 226 2335 sp.
251 2289 286 2324 d.
319 2288 365 2334 5,
389 2287 463 2334 76,
492 2292 531 2325 ul
559 2288 669 2335 infra
699 2300 730 2324 v.
752 2286 852 2324 423:
884 2286 979 2323 dieas
1000 2286 1084 2327 F0,-
1115 2286 1168 2333 cf.
1198 2285 1310 2322 Sexti
1335 2289 1429 2321 sent.
1460 2283 1511 2320 71
1541 2282 1689 2328 (Orelli,

169 2355 299 2392 opusc.
328 2356 421 2381 mor.
453 2343 487 2390 1,
510 2342 605 2390 252)
636 2344 730 2380 ‘Hoc
758 2343 875 2380 solum
905 2342 968 2379 tibi
995 2343 1180 2391 proprium
1209 2341 1316 2378 (licito
1350 2340 1422 2388 (sic
1452 2341 1532 2376 cod.
1561 2339 1690 2375 Paris.

170 2401 295 2446 2676,
317 2411 421 2437 saec.
441 2399 535 2446 IX),
557 2400 653 2448 quod
674 2399 808 2436 bonum
830 2399 914 2435 est?
1058 2397 1226 2446 quicquid
1248 2398 1338 2434 PR.-
1368 2396 1463 2445 quod
1487 2396 1552 2433 FC
1582 2395 1688 2432 Vinc.

170 2462 290 2507 potest
310 2455 415 2494 RFC
443 2456 560 2494 Vinea:
588 2457 704 2505 possit
724 2456 776 2502 P,
806 2455 902 2504 quod
932 2466 975 2491 m.
998 2455 1137 2503 possiet
1157 2455 1365 2499 Erasmus,
1400 2452 1497 2501 quod
1526 2452 1693 2487 mutarier

170 2519 293 2563 potest
323 2512 501 2550 Pithoeus
634 2511 717 2550 380
746 2508 769 2533 *
791 2512 970 2560 opteritur
998 2510 1166 2558 (teritur‘l
1193 2507 1424 2558 premitur?):
1456 2508 1592 2556 peritur
1620 2507 1690 2553 Pb,

172 2570 389 2618 opprimitur
409 2569 558 2615 (omisso
579 2567 694 2613 ruina)
720 2568 762 2613 T,
784 2568 877 2616 perit
898 2568 951 2603 vir
973 2566 1117 2613 PaRF,
1139 2566 1233 2615 perit
1254 2565 1295 2611 C,
1317 2566 1410 2613 perit
1427 2565 1460 2600 is
1483 2564 1591 2611 vulyo

172 2627 295 2662 rimam
324 2625 402 2662 Pb.-
430 2625 580 2673 primam
610 2624 730 2670 PaR,
765 2624 902 2660 ruinam
928 2623 1025 2660 TFC
1153 2622 1231 2658 381
1264 2618 1287 2643 *
1309 2627 1378 2657 tam
1410 2625 1530 2665 tutus,
1565 2621 1691 2665 possis

172 2684 284 2718 eliam
308 2687 378 2718 tam
400 2686 538 2718 certus:
570 2686 689 2717 tantus
710 2679 793 2721 LC;
824 2679 878 2727 cf.
902 2680 1055 2727 Proleq.
1075 2691 1139 2727 pq.
1164 2677 1217 2714 54
1351 2686 1496 2725 parcere
1517 2676 1689 2723 Inyolsl..·

173 2748 313 2774 carcere
334 2738 384 2783 R,
406 2748 527 2774 arcere
549 2735 660 2782 PFG,
682 2747 803 2773 carere
825 2736 943 2773 Bern.
966 2746 1088 2782 supra
1109 2746 1187 2771 scr.
1209 2734 1450 2770 Panlhaleon
1552 2731 1631 2767 382
1664 2731 1693 2767 C

285 2804 330 2829 au
350 2793 435 2842 quid
456 2794 492 2831 R
608 2792 688 2830 383
722 2794 867 2829 Gellius
890 2791 954 2838 17,
979 2790 1051 2837 14,
1080 2791 1250 2827 Macrob.
1277 2789 1356 2826 Sal.
1379 2787 1425 2833 2,
1450 2788 1487 2833 7,
1508 2789 1594 2824 Ιυιι.
1619 2788 1688 2823 Sa-

163 2849 274 2886 ·resb.
305 2849 446 2887 Policr.
469 2850 516 2895 8,
542 2848 591 2886 14
707 2848 901 2897 periclum,
931 2846 1064 2896 periclo
1087 2847 1251 2884 Gellius:
1282 2844 1500 2894 periculum,
1530 2843 1690 2892 periculo

174 2903 276 2941 LEO
303 2905 408 2942 Vino.
429 2905 528 2943 Bell.
550 2917 608 2953 sp.
634 2907 670 2943 cl.
693 2905 734 2952 4,
759 2905 810 2942 73
