1956 3308
608 242 813 272 Punmml
844 242 948 273 sym
979 243 1285 274 SENTENTIAE.
1650 235 1704 277 83

295 342 361 383 ‘In
388 341 514 384 malis
545 344 720 399 sperare
752 343 861 384 bene
890 344 976 385 nisi
1006 345 1211 386 innocens
1243 346 1367 386 nemo
1398 345 1519 387 solet.

298 409 352 451 In
380 409 646 452 vindicando
676 411 908 453 criminosa
938 419 1002 453 est
1033 410 1243 454 celeritas.

183 480 264 518 255
296 475 528 519 Inimicum
559 478 758 534 quamvis
789 478 995 520 humilem
1026 479 1144 521 docti
1174 486 1241 522 est
1270 487 1474 522 metuere.

294 542 348 584 In
378 543 626 586 calamitoso
656 546 771 588 risus
803 547 934 588 etiam
962 547 1120 588 iniuria
1151 554 1228 589 est.

294 610 437 652 Iudex
467 611 708 666 damnatur,
740 627 837 654 cum
867 627 1025 655 nocens
1055 613 1309 656 absolvitur.

294 677 527 734 Ignoscere
557 680 774 722 hominum
807 688 887 734 est,
918 680 995 723 ubi
1025 681 1161 738 pudet
1190 683 1259 723 cui
1291 683 1542 738 ignoscitur.

295 745 349 787 In
377 746 506 789 rebus
537 746 683 789 dubiis
712 747 888 805 plurimi
920 755 984 790 est
1012 748 1207 791 audacia.

184 817 266 854 260
295 811 376 855 Illo
406 829 565 857 nocens
597 829 643 857 se
673 814 862 868 damnat,
894 830 977 872 quo
1006 824 1156 872 peccat
1186 817 1270 858 die.

294 881 363 923 Ita
393 881 520 923 crede
549 883 703 936 amico,
734 898 789 924 ne
819 883 877 924 sit
906 884 1082 925 inimico
1113 883 1247 926 loeus.

295 948 437 991 Iratus
469 950 601 991 etiam
631 949 800 992 facinus
831 950 1059 993 consilium
1091 959 1229 1008 putat.

293 1016 469 1058 Invidia
498 1015 690 1073 loquitur
719 1017 835 1074 quod
864 1019 1028 1072 subest,
1059 1034 1149 1061 non·
1174 1019 1289 1076 quod
1320 1020 1455 1061 videt.

291 1083 493 1140 'Inprobe
514 1084 764 1142 Neptt'mum
785 1093 972 1139 accusat,
1005 1087 1078 1143 qui
1110 1088 1265 1128 iterum
1286 1088 1561 1141 na11f1·agi1'1n1
1583 1088 1701 1128 facit.

181 1156 261 1194 265
294 1151 503 1194 Iniuriam
532 1166 657 1194 aures
689 1166 816 1208 quam
847 1153 959 1195 oculi
991 1153 1160 1196 facilius
1192 1144 1350 1196 ferunt.

292 1218 412 1260 Iacet
442 1220 581 1261 omnis
613 1220 767 1274 virtus,
799 1220 914 1262 fama
944 1222 1030 1262 nisi
1060 1220 1145 1263 late
1175 1228 1307 1278 patet.

291 1287 413 1342 Ignis
445 1301 568 1328 suum
600 1287 785 1330 calorem
816 1289 948 1330 etiam
978 1290 1023 1330 in
1054 1288 1168 1331 ferro
1198 1296 1329 1331 tenet.

291 1353 344 1395 In
374 1346 545 1396 Venere
574 1369 745 1412 semper
774 1363 912 1398 certat
942 1355 1065 1398 dolor
1095 1363 1137 1398 et
1166 1355 1387 1412 gaudium.

292 1420 344 1462 In
374 1436 520 1463 amore
551 1421 686 1465 forma
715 1422 814 1480 plus
845 1423 963 1465 valet
993 1438 1120 1480 quam
1149 1424 1400 1465 auctoritas.

179 1493 262 1548 270
291 1488 471 1544 Ingrata
500 1496 600 1531 sunt
630 1490 853 1544 beneficia,
885 1492 982 1547 quis
1013 1505 1153 1537 comes
1184 1498 1251 1532 est
1280 1498 1434 1533 metus.

290 1555 549 1614 Imprudens
579 1565 744 1615 peccat,
777 1573 904 1614 quem
934 1565 1032 1615 post
1061 1558 1166 1600 faeti
1196 1560 1400 1615 paenitet.

291 1624 455 1665 Inertia
482 1623 715 1678 indicatur,
747 1639 844 1668 cum
872 1624 1040 1681 fugitur
1069 1625 1205 1668 labor.

181 1774 360 1802 comens
389 1776 422 1800 v.
444 1764 693 1868 &on—263:
734 1751 884 1803 PRBF
909 1765 1058 1813 (ΤΕσ),
1100 1778 1132 1802 v.
1165 1765 1266 1803 264.-
1303 1766 1352 1812 T,
1393 1778 1424 1802 v.
1456 1765 1697 1803 265—291:

290 1899 370 1937 253
403 1900 470 1937 EC
581 1900 671 1937 bene
693 1912 838 1949 sperare
860 1901 890 1938 C
1002 1900 1083 1938 254
1114 1885 1322 1938 vindicando
1338 1902 1450 1938 PRE
1475 1902 1577 1937 Vinc.
1595 1901 1693 1938 Bell.

176 1967 233 2003 sp.
256 1958 291 1994 d.
314 1958 361 2002 4,
385 1956 456 1994 93:
487 1956 674 1993 iudicando
697 1957 818 2004 BFC,
849 1959 913 1994 cui
935 1957 1045 2004 favet
1075 1970 1106 1994 v.
1129 1957 1181 1994 32
1298 1959 1486 1994 criminosa
1514 1968 1611 1993 mora
1640 1964 1695 1994 est

108 2058 110 2060 ‚
175 2013 242 2049 cel.
266 2013 296 2050 C
408 2013 488 2049 255
523 2012 568 2059 C,
610 2014 713 2050 Vinc.
742 2013 838 2050 Bell.
871 2025 927 2060 sp.
957 2015 992 2050 d.
1021 2013 1069 2059 4,
1100 2013 1167 2051 27.
1195 2014 1363 2050 leedr.
1389 2014 1474 2061 sab.
1508 2014 1551 2060 1,
1574 2013 1647 2060 28,
1673 2015 1692 2049 1

175 2067 358 2112 ‘Quamvis
379 2068 550 2105 sublimes
571 2068 703 2105 dehent
723 2069 875 2106 humiles
898 2070 1086 2106 metuere’.
1203 2070 1283 2107 256
1314 2071 1418 2106 etiam
1440 2071 1533 2106 risus
1557 2069 1587 2104 C

176 2124 255 2162 257
290 2124 357 2161 EC
393 2125 498 2162 Vinc.
530 2126 629 2162 Bell.
661 2136 718 2172 sp.
750 2127 786 2162 d.
816 2125 864 2171 4,
896 2125 970 2170 27;
1002 2126 1056 2173 cf.
1085 2138 1117 2162 v.
1148 2126 1226 2163 614
1354 2128 1526 2162 innocens
1548 2126 1586 2161 E

175 2179 256 2218 258
288 2186 345 2217 est
365 2191 519 2218 erasum
539 2184 578 2218 in
599 2182 636 2217 B
778 2182 836 2218 ubi
860 2183 1068 2218 Erasmus.-
1098 2183 1165 2218 nisi
1185 2183 1216 2218 L
1359 2183 1415 2218 cui
1437 2194 1506 2219 om.
1530 2182 1567 2218 F

175 2237 255 2274 259
286 2237 431 2286 plurimi
454 2239 662 2275 Erasmus.-
691 2238 842 2286 plurima
863 2237 928 2274 LO
968 2252 972 2255 “
1039 2237 1123 2276 260
1151 2238 1200 2274 ilo
1221 2239 1256 2275 R
1360 2239 1532 2275 innocens
1555 2237 1585 2273 C

174 2293 272 2342 quod
293 2294 328 2330 P
446 2294 506 2331 diu
527 2295 562 2330 B
685 2294 764 2331 261
797 2294 902 2331 crede
922 2294 1144 2332 PaRBEC:
1174 2294 1282 2331 credo
1304 2294 1374 2341 Pb,
1396 2294 1519 2331 credas
1540 2295 1578 2330 F

175 2355 220 2386 ut.
235 2361 279 2386 ne
301 2350 424 2387 Bothe
557 2351 662 2387 imico
684 2350 754 2397 Pb,
776 2352 888 2387 amico
910 2351 959 2397 B,
982 2353 1052 2388 sed
1070 2362 1154 2402 sup.
1178 2362 1253 2388 scr.
1275 2364 1335 2398 pr.
1358 2363 1404 2387 m.
1428 2351 1570 2386 inimico

174 2406 254 2444 262
287 2405 356 2443 EC
384 2407 490 2443 Vinc-
512 2407 614 2444 Bell.
644 2417 702 2456 sp.
733 2408 769 2446 d.
791 2406 839 2453 4,
864 2407 942 2444 133
1066 2407 1147 2444 263
1178 2405 1201 2429 *
1219 2421 1227 2443 z
1245 2407 1374 2443 invidia
1403 2406 1437 2443 id
1468 2406 1565 2454 quod
1592 2407 1688 2443 videt

173 2462 361 2511 loquitur,
389 2474 462 2499 non
492 2463 589 2511 quod
618 2463 743 2499 subest
763 2464 818 2509 F,
850 2465 999 2500 totidem
1027 2464 1151 2500 verbis
1175 2463 1298 2510 PRB,
1328 2466 1402 2500 πίει·
1426 2464 1529 2510 qnod
1554 2465 1690 2499 omissa

172 2524 262 2556 sunt
291 2519 387 2567 quod
417 2518 523 2555 videt.
596 2519 753 2556 Videtur
778 2520 967 2556 Publilius
995 2521 1171 2557 invidiam
1200 2522 1252 2556 ila
1282 2522 1550 2565 Interpretari,
1574 2518 1694 2566 >quasi

169 2578 282 2622 prior
302 2576 479 2612 vocabuli
497 2578 696 2622 compositi
707 2587 809 2622 pars
827 2579 876 2612 sit
897 2577 931 2611 in
950 2578 1201 2622 privativum,
1230 2588 1302 2612 non
1321 2578 1569 2622 praepositi&

121 2624 130 2635 '
173 2631 255 2670 264
288 2632 432 2669 Genius
462 2631 532 2677 17,
558 2630 630 2677 14,
656 2632 703 2673 T,-
731 2633 835 2668 deest
863 2634 901 2668 in
931 2631 1032 2669 LEO
1144 2631 1223 2669 266
1256 2637 1353 2680 patet
1381 2632 1601 2668 Palatinus.-
1630 2642 1690 2678 pa-

172 2692 246 2724 teat
266 2688 304 2723 F
434 2687 512 2724 267
544 2698 648 2723 suum
677 2699 708 2724 c.
741 2688 846 2724 eiiam
869 2688 1031 2725 Gruter.-
1061 2689 1166 2724 etiam
1193 2700 1255 2724 s-c.
1275 2689 1314 2724 F
1443 2687 1522 2724 268
1554 2686 1689 2723 Venere

174 2743 336 2781 Gruter.-
366 2754 531 2780 venerem
553 2744 590 2780 F
712 2744 791 2781 269
823 2754 943 2780 amore
965 2745 1129 2781 Gruter.-
1158 2755 1315 2780 amorem
1337 2745 1374 2780 F
1497 2743 1579 2779 270
1608 2744 1689 2791 quis

174 2800 338 2837 Gruter.-
367 2799 496 2849 quibus
523 2800 561 2836 F
714 2799 793 2836 271
832 2804 916 2848 post
945 2801 1105 2837 Gruter.-
1136 2812 1206 2837 om.
1235 2801 1289 2840 F,-
1318 2800 1372 2847 cf.
1404 2812 1435 2835 v.
1468 2799 1558 2835 196.
1592 2798 1685 2836 366.

173 2855 323 2900 Seneca
344 2858 474 2905 Ayam.
497 2855 577 2892 244
607 2855 734 2900 ‘Quem
755 2857 913 2904 paenitet
933 2867 1122 2904 peccasse,
1150 2867 1261 2903 paene
1289 2861 1344 2891 est
1371 2855 1573 2892 innocens'·

173 2911 253 2949 272
284 2908 307 2934 *
329 2912 506 2949 indicatur
526 2925 534 2948 :
556 2924 636 2949 cum
657 2912 835 2949 indicatur
855 2913 910 2959 F,
934 2918 1007 2948 tum
1028 2911 1204 2948 indicatur
1226 2912 1366 2957 Bothe,
1389 2911 1567 2948 iudicatur
1589 2912 1686 2948 Gru-

1365 2975 1414 3011 6*
