1956 3308
338 223 391 263 84
754 232 954 263 mmmm
986 233 1087 263 svm
1118 233 1419 264 snwrssurmss.

449 332 606 386 Iratus,
636 346 732 373 cum
760 332 815 373 ad
846 347 891 373 se
921 332 1064 385 rediit,
1095 332 1179 374 sibi
1207 339 1297 374 tum
1326 333 1537 375 irascitur.

448 398 500 440 In
528 413 670 440 amore
700 413 866 454 semper
896 412 1023 439 causa
1052 397 1196 439 damni
1226 400 1455 454 quaeritur.

262 459 267 467 ’
338 470 417 506 275
449 465 640 507 Iocunda
669 464 835 506 macula
864 471 929 506 est
959 479 1013 505 ex
1043 464 1205 505 inimici
1236 466 1456 521 sanguine.

448 531 500 573 In
529 531 697 572 Venere
726 545 893 586 semper
922 530 1060 572 dulcis
1091 536 1156 572 est
1186 530 1413 573 dementia.

447 600 492 638 ln
521 598 677 638 misero
707 596 834 638 facile
862 597 911 638 fit
940 603 1090 652 potens
1120 597 1288 638 iniuria.

447 663 669 705 Interdum
699 662 829 704 habet
858 662 1064 705 stultitiae
1093 669 1259 719 partem
1288 664 1485 706 facilitas.

449 730 610 771 Inertia
639 737 704 771 est
732 729 891 771 laboris
922 731 1156 771 excusatio.

338 802 418 838 280
448 796 654 837 Iniuriam
685 795 854 837 facilius
884 795 1016 837 facias
1048 811 1173 852 quam
1203 797 1329 838 feras.

446 863 587 904 Iratus
617 861 679 903 nil
707 877 792 904 non
822 862 1011 903 criminis
1041 861 1229 918 loquitur
1257 862 1363 905 loco.

447 930 638 971 Incertus
668 930 834 970 animus
865 929 1092 970 dimidium
1121 936 1184 971 est
1214 930 1461 986 sapientiae.

446 996 498 1037 In
528 997 642 1051 turpi
671 1009 717 1035 re
746 1009 923 1051 peccare
953 995 1019 1036 bis
1050 995 1296 1052 delinquere
1326 1002 1403 1037 est.

446 1062 664 1117 Ingenuus
693 1062 858 1103 animus
888 1076 973 1103 non
1002 1061 1086 1103 fert
1115 1063 1232 1119 vocis
1263 1061 1455 1104 verbera.

335 1133 414 1171 285
445 1129 656 1170 Iniuriam
683 1129 775 1184 ipsc
804 1128 952 1181 facias,
982 1128 1058 1170 ubi
1087 1143 1173 1170 non
1201 1128 1410 1170 vindices.

445 1195 489 1236 Is
518 1195 695 1235 minimo
726 1201 823 1249 eget
852 1194 1060 1248 mortalis,
1094 1196 1167 1251 qui
1195 1195 1417 1237 minimum
1449 1196 1579 1253 cupit.

445 1261 613 1302 Inimici
642 1261 697 1302 ad
727 1262 914 1302 animum
942 1260 1084 1302 nullae
1113 1262 1373 1303 conveniunt
1402 1276 1563 1317 preces.

445 1327 627 1369 Inimico
658 1328 849 1369 extincto
880 1328 1058 1369 exitium
1087 1326 1289 1370 lacrimae
1318 1343 1403 1370 non
1432 1328 1604 1370 habent.

443 1393 510 1435 Ibi
541 1408 707 1450 semper
738 1401 803 1436 est
831 1395 1023 1447 victoria,
1054 1393 1129 1436 ubi
1160 1394 1388 1436 concordia
1417 1401 1495 1436 est.

337 1464 418 1502 290
447 1460 537 1501 Iter
567 1466 645 1513 est,
676 1474 942 1516 quacumque
971 1460 1046 1502 dat
1074 1459 1191 1517 prioi·
1219 1461 1466 1516 vestigium.

443 1526 512 1567 Ibi
541 1533 640 1583 pote
669 1525 813 1568 valere
841 1526 1037 1583 populus,
1068 1526 1144 1568 ubi
1173 1526 1289 1582 leges
1319 1526 1478 1571 valent.

444 1593 559 1634 Loco
589 1594 850 1648 ignominiae
881 1600 945 1635 est
973 1592 1092 1649 apud
1121 1592 1345 1648 indignum
1376 1593 1578 1649 dignitas.

444 1659 561 1701 Laus
590 1674 703 1702 nova
732 1661 816 1702 nisi
846 1661 994 1713 oritur,
1027 1661 1154 1701 etiam
1183 1667 1307 1702 vetus
1338 1661 1562 1702 amittitur.

444 1726 581 1768 Laeso
613 1726 771 1770 doloris
800 1726 1037 1768 remedium
1066 1727 1230 1767 inimici
1259 1733 1324 1768 est
1353 1726 1488 1768 dolor.

333 1796 411 1833 295
442 1792 573 1834 Levis
604 1799 669 1834 est
698 1793 910 1835 Fortuna:
942 1793 1027 1834 cito
1055 1794 1255 1849 reposcit,
1285 1793 1399 1848 quod
1428 1793 1561 1835 dedit.

440 1858 532 1900 Lex
562 1859 766 1900 universa
796 1866 875 1912 est,
906 1873 1013 1915 quae
1042 1859 1163 1901 iubet
1190 1859 1310 1901 nasci
1340 1865 1382 1900 et
1410 1860 1532 1901 mori.

336 2051 513 2079 comens
535 2053 566 2076 v.
590 2041 828 2078 265-291:
860 2039 990 2090 F(T)‚
1023 2053 1055 2077 v.
1080 2040 1318 2078 292-296:
1348 2040 1603 2089 PRBFOEC)

331 2148 401 2182 ter,
434 2142 487 2189 cf.
510 2154 542 2178 v.
565 2141 644 2178 279
767 2140 846 2178 273
876 2141 981 2177 rediit
1003 2141 1219 2178 Bentleius:
1247 2140 1340 2177 redit
1359 2141 1397 2176 F
1508 2140 1588 2178 275
1617 2141 1746 2177 inimici
1767 2141 1831 2178 In-

327 2199 458 2245 yolst..·
486 2198 580 2233 imici
607 2198 644 2233 F
804 2196 883 2234 278
917 2196 976 2244 Cf.
1007 2209 1039 2232 v.
1073 2196 1162 2234 180.
1222 2193 1246 2217 ’¹‘
1266 2195 1444 2232 facilitas:
1466 2196 1614 2233 felicitas
1643 2197 1680 2232 F

329 2252 408 2288 279
440 2258 494 2288 cst
529 2251 659 2288 laboris
689 2252 866 2300 Inyolst..·
895 2251 918 2287 Ι.
948 2257 1003 2287 cst
1031 2252 1084 2296 F;
1121 2252 1173 2298 ef.
1203 2264 1238 2288 υ.
1269 2250 1348 2288 272
1475 2251 1553 2290 281
1585 2251 1634 2288 nil
1660 2252 1834 2299 Inyolst..·

330 2307 415 2343 nihil
436 2308 474 2343 F
583 2306 662 2343 282
693 2304 869 2355 incertus]
897 2308 969 2344 hoe
999 2309 1075 2343 vult
1102 2307 1368 2343 dubitationem
1389 2309 1623 2353 principium
1644 2317 1727 2343 esse
1744 2308 1830 2354 phi.-

329 2363 536 2408 losophiae,
559 2367 599 2399 ut
619 2364 673 2398 ait
696 2361 826 2399 Cicero
847 2350 1066 2399 de⁸deorum
1087 2367 1166 2398 nat.
1191 2362 1229 2408 1,
1253 2362 1298 2406 13
1328 2373 1378 2398 an
1400 2363 1593 2410 ingenuus,
1613 2367 1654 2399 ut
1674 2374 1708 2399 v.
1725 2361 1831 2400 284?

330 2418 482 2454 invictus
503 2418 659 2465 Maehly
789 2417 969 2454 dimidium
990 2418 1133 2455 Bothe.-
1163 2417 1357 2454 remedium
1378 2418 1415 2454 F
1420 2433 1431 2459 ,·
1465 2417 1518 2465 ef.
1540 2418 1667 2455 Plaut.
1690 2418 1829 2454 Pseud.

328 2472 430 2519 454,
459 2478 496 2510 et
523 2473 631 2520 infra
662 2485 694 2510 v.
720 2473 798 2510 657
933 2473 1012 2510 284
1042 2474 1233 2510 invectivae
1261 2472 1345 2521 (leq.
1374 2471 1580 2520 invectivas)
1608 2473 1703 2509 vocis
1730 2484 1832 2509 num—

329 2539 433 2576 quam
456 2527 600 2565 libertas
622 2534 714 2565 tacet
739 2529 772 2565 T
899 2528 978 2566 286
1010 2529 1155 2565 Seneca
1178 2531 1286 2575 epist.
1311 2527 1403 2575 108,
1426 2529 1475 2564 11
1596 2528 1742 2565 minimo
1763 2528 1828 2564 Se—

329 2595 450 2620 neca:
479 2585 660 2620 minimum
688 2585 725 2621 F
853 2583 932 2621 288
962 2584 1116 2621 Mallem
1145 2585 1298 2630 exitum,
1333 2586 1407 2620 nisi
1430 2588 1588 2620 metrum
1615 2588 1827 2630 respueret.
1879 2579 1891 2594 ‘

330 2638 389 2686 Cf.
418 2640 529 2676 Paul.
559 2640 671 2676 Diae.
694 2652 739 2686 p.
768 2639 819 2677 81
954 2638 1031 2676 291
1064 2645 1148 2687 pote
1177 2639 1338 2676 Gruter.-
1366 2644 1487 2687 potcst
1512 2639 1549 2675 F
1676 2636 1755 2675 292
1787 2638 1827 2683 0,

340 2695 442 2731 Vino.
474 2694 573 2731 Bell.
604 2706 663 2742 sp.
691 2697 728 2731 d.
751 2694 799 2741 5,
821 2695 871 2731 71
1014 2695 1093 2731 293
1125 2694 1208 2735 Ea·
1237 2694 1288 2742 ef.
1311 2707 1343 2732 v.
1366 2693 1445 2732 203
1586 2691 1666 2730 294
1695 2692 1828 2730 doloris

331 2750 431 2786 BFC
458 2750 562 2787 Vino.
586 2751 684 2787 Bell.
714 2762 773 2797 sp.
803 2752 838 2787 d.
858 2750 904 2797 4,
929 2750 1026 2788 133:
1056 2749 1171 2787 dolori
1192 2750 1261 2787 PR
1300 2780 1303 2787 ,
1373 2749 1500 2785 inimici
1528 2753 1583 2785 est
1603 2747 1744 2785 Bothe.-
1773 2754 1828 2784 cst

328 2806 379 2840 in.
403 2806 542 2842 PRBC
572 2807 674 2843 Vinc.
696 2813 751 2843 est
771 2818 841 2843 om.
863 2806 901 2842 F
1043 2805 1123 2842 295
1165 2805 1267 2843 Vino.
1290 2804 1386 2842 Beu.
1409 2815 1466 2851 sp.
1487 2805 1522 2840 d.
1546 2803 1585 2850 5,
1608 2802 1684 2840 123

332 2859 411 2896 296
444 2862 603 2897 universa
624 2861 788 2898 PRBF:
818 2861 1025 2898 universalis
1047 2861 1112 2898 EC
1141 2861 1245 2898 Vine.
1269 2860 1364 2896 Beu.
1391 2870 1494 2906 spec.
1522 2860 1642 2895 doctr.
1665 2859 1711 2906 5,
1735 2858 1828 2906 104,
