1956 3308
339 203 394 247 36
910 215 1266 248 PROLEGOMENA.

341 315 449 367 Quis
480 329 581 356 vero
611 314 741 357 fuerit
770 321 910 371 poeta,
941 316 1061 357 cuius
1092 330 1147 356 ex
1176 315 1298 358 libris
1327 316 1514 358 incertus
1543 316 1643 359 libri
1673 316 1726 359 de
1744 332 1830 362 mo-

336 381 457 423 ribus
493 387 640 423 auctor
677 380 880 423 nonnulla
914 380 1171 437 desumpsit,
1209 388 1257 423 ut
1284 382 1492 424 incertum
1523 390 1608 438 est,
1646 385 1706 425 ita
1735 399 1830 426 eum

337 463 422 490 non
451 448 586 490 fuisse
615 447 846 489 Publilium
875 447 1090 488 affirmare
1118 446 1231 489 licet.
1291 446 1431 499 Quid!
1467 449 1580 505 quod
1610 456 1830 493 sexcento-

336 529 428 557 rum
468 522 509 556 et
546 514 659 570 quod
703 515 890 555 excurrit
933 527 1155 567 versuum,
1200 528 1305 569 quos
1342 514 1528 558 Publilio
1572 516 1831 559 vindicaturi

337 596 502 635 sumus,
540 595 593 622 ne
630 595 738 621 unus
775 580 948 636 quidem
985 580 1030 621 in
1067 579 1176 622 libro
1215 580 1268 621 de
1297 581 1490 623 moribus
1519 581 1696 638 legitur,
1737 598 1830 637 nec,

336 647 450 704 quod
497 648 644 689 codem
685 647 820 700 redit,
865 646 1215 688 Pseudosenecac
1253 648 1557 700 sententiarum
1596 648 1683 691 ulla
1720 650 1832 691 inter

336 713 614 756 Publilianas.
674 712 760 756 Sed
790 712 843 753 de
873 711 1086 770 opusculis
1118 714 1403 768 sententiosis,
1435 728 1543 770 quae
1572 713 1847 758 incertorum'

336 787 434 822 sunt
468 786 711 833 auctorum,
748 779 818 821 hic
853 794 939 821 non
968 785 1033 820 est
1070 778 1240 820 dicendi
1270 778 1409 822 locus:
1446 781 1639 835 interim,
1676 782 1714 823 si
1742 796 1829 824 mo-

336 861 468 890 nuero
505 846 615 888 libro
653 845 707 886 de
741 845 930 887 moribus
966 844 1127 886 nullam
1163 860 1336 902 prorsus
1373 847 1639 889 intercedere
1676 862 1828 903 cogna-

333 914 493 955 tionem
523 927 619 954 cum
649 912 871 954 sententiis
901 905 1172 966 Publilianis,
1204 926 1356 955 causae
1385 927 1504 954 meae
1532 915 1636 956 satis
1658 929 1829 971 prospe-
1857 915 1867 923 ”

334 981 452 1022 xisse
480 979 588 1021 mihi
616 978 779 1020 videor.

444 1047 490 1102 2)
521 1046 596 1087 De
640 1044 928 1087 sententiis
973 1045 1025 1086 in
1067 1045 1342 1087 codicibus
1389 1048 1704 1103 praesertim
1747 1061 1827 1088 re-

335 1111 663 1155 centioribus
694 1111 834 1153 falso
865 1110 1218 1153 Publilianis
1222 1112 1461 1155 insertis.

446 1180 623 1221 Praeter
660 1177 1001 1234 supplementum
1039 1177 1277 1220 litterarum
1306 1178 1463 1230 N—V‚
1502 1178 1556 1220 de
1593 1195 1675 1236 quo
1704 1179 1829 1222 modo

334 1246 491 1286 verba
505 1245 704 1297 fecimus,
748 1243 834 1284 alia
869 1258 1036 1299 quoque
1073 1258 1099 1285 a
1136 1244 1322 1287 Publilio
1359 1246 1508 1302 utique
1543 1245 1830 1287 abiudicanda

331 1311 638 1364 adhaeserunt,
670 1324 766 1351 rara
795 1309 868 1350 illa
897 1311 942 1350 in
972 1310 1192 1352 codicibus
1221 1313 1542 1370 vetustissimis,
1573 1312 1827 1368 frequentis-

332 1378 440 1419 sima
467 1378 512 1418 in
543 1376 667 1419 codd.
696 1375 854 1417 saeculi
876 1376 1000 1418 XIV.
1046 1376 1342 1434 Excipiendus
1371 1378 1554 1420 fortasse
1581 1385 1623 1420 et
1643 1378 1829 1421 Publilio

331 1444 617 1485 vindicandus
647 1458 689 1484 v.
720 1443 812 1485 638·
832 1444 876 1484 in
905 1442 996 1485 solo
1027 1443 1174 1485 codice
1203 1458 1256 1497 π,
1295 1444 1371 1486 sed
1399 1445 1563 1487 medius
1593 1446 1704 1486 inter
1733 1459 1827 1486 ver-

331 1526 402 1552 sus
424 1510 690 1554 Publilianos
721 1516 941 1551 servatus:
971 1507 1105 1551 multo
1135 1516 1250 1552 certe
1280 1512 1515 1567 suspectior
1534 1518 1599 1553 est
1619 1512 1829 1553 sententia

332 1577 470 1618 codici
501 1577 544 1618 R
573 1578 619 1617 in
647 1576 996 1631 summa'pagina
1024 1582 1123 1632 post
1153 1591 1194 1618 V.
1224 1576 1306 1619 326
1334 1578 1569 1619 recentiore
1597 1592 1725 1620 manu
1753 1577 1827 1619 ad-

331 1645 511 1701 scripta:

525 1715 695 1753 Multum
725 1717 777 1752 est
806 1713 958 1767 cl‘ifftcz'le
985 1715 1123 1752 servire
1150 1715 1230 1762 reyi
1258 1715 1397 1762 absque
1415 1716 1625 1762 commodo.

333 1804 458 1844 quam
487 1788 604 1831 nolui
634 1787 787 1830 iambis
818 1787 1018 1829 donatam
1067 1800 1074 1807 ⁹

526 1870 698 1908 Multum
726 1872 779 1907 est
807 1868 960 1916 difficile
988 1869 1126 1907 servire
1154 1869 1293 1916 absque
1320 1870 1554 1908 incommodo

331 1944 399 1984 vel
429 1945 474 1985 in
502 1943 725 1986 trochaeos
756 1942 973 1984 redactam
1003 1943 1115 1983 inter
1143 1941 1406 1984 Publilianas
1436 1944 1639 1999 recipere.

440 2022 534 2063 Iam
570 2036 673 2062 vero
695 2035 819 2077 'quae
855 2020 901 2061 in
935 2019 1111 2076 reliquis
1149 2019 1368 2062 codicibus
1403 2026 1695 2074 accesserunt,
1739 2034 1825 2062 non

329 2088 464 2130 solum
507 2088 791 2144 suspicionem
831 2093 1024 2139 movent,
1069 2086 1146 2128 sed
1183 2086 1443 2128 confidenter
1484 2086 1677 2128 eicienda
1711 2094 1824 2139 sunt,

327 2162 553 2211 propterea
595 2153 708 2210 quod
751 2153 1092 2210 interpolationis
1128 2153 1336 2208 originem
1371 2153 1537 2210 aperire
1573 2152 1824 2195 facillimum

329 2228 407 2263 est.
466 2222 617 2277 Itaque
647 2234 1009 2277 supervacaneum
1039 2218 1182 2260 videri
1209 2225 1353 2275 posset
1375 2233 1446 2261 eas
1467 2220 1700 2261 sententias
1721 2234 1820 2261 enu-

326 2302 503 2342 merare,
534 2288 624 2328 nisi
648 2285 827 2328 multum
856 2287 1081 2328 interesset
1110 2284 1413 2339 demonstrare,
1444 2300 1569 2342 quam
1589 2285 1674 2328 late
1692 2286 1822 2328 inter-

327 2354 555 2411 polationis
592 2354 725 2410 pestis
767 2359 962 2408 grassata
998 2353 1075 2406 sit,
1120 2366 1175 2393 ne
1210 2352 1385 2407 gravius
1425 2352 1479 2393 de
1514 2351 1822 2409 multiplicibus

327 2421 536 2463 editorum
582 2419 796 2461 erroribus
840 2418 1045 2461 iudicium
1088 2418 1288 2460 feramus.
1353 2419 1419 2460 Ac
1459 2420 1728 2475 persequenti
1766 2418 1821 2460 ad

326 2494 564 2544 temporum
593 2485 785 2528 ordinem
815 2484 1155 2541 interpolationis
1184 2485 1308 2531 initia
1331 2499 1666 2542 progressusque
1686 2486 1821 2541 primo

326 2554 418 2597 loco
448 2552 839 2596 commemorandus
871 2559 935 2594 est
964 2551 1102 2594 codex
1121 2551 1386 2605 Basiliensis,
1416 2552 1461 2593 in
1482 2566 1564 2608 quo
1583 2558 1683 2594 ante
1702 2566 1744 2593 v.
1765 2552 1820 2593 ⁴25

327 2622 370 2662 in
400 2621 545 2663 infimo
573 2620 766 2675 margine
794 2618 944 2661 addita
971 2625 1070 2660 sunt
1099 2632 1179 2661 rec.
1208 2619 1357 2660 manu:

383 2702 539 2741 Arcum-
556 2703 717 2740 intensio
745 2701 911 2750 franyit,
942 2702 1117 2746 animum
1144 2702 1325 2739 omissio.

383 2769 536 2807 Amicos
563 2769 750 2807 secundae
776 2780 837 2806 res
865 2770 1000 2815 optime
1022 2771 1181 2815 param,
1211 2768 1390 2806 adversae
1417 2766 1617 2804 cmffseime
1637 2765 1816 2814 probant.

327 2842 578 2899 deprompta
607 2842 682 2884 illa
711 2857 765 2884 ex
785 2841 1132 2884 Pseudosenecae
1151 2840 1261 2883 libro
1282 2840 1335 2881 de
1354 2840 1558 2894 moribm,
1588 2843 1615 2892 ἓ
1639 2841 1729 2882 138.
1748 2842 1816 2883 51.
