1956 3308
3 1884 5 1886 .
0 1579 13 1845 WW*.m,-·⁴srw.?·”‡
0 1552 3 1556 ·
2 1530 5 1534 ¹

4 2910 11 2925 ¹»
0 2726 25 2899 *Grrffilnl'ff'tfss
0 2701 10 2720 ’3
0 2684 11 2690 ὂ
0 2624 2 2626 “

819 223 881 254 DE
913 222 1131 256 uomssus.
1664 214 1743 255 143

239 331 304 370 81.
338 325 513 369 Fortior
549 331 615 367 est
651 326 726 383 qui
768 324 1051 383 cupiditatem
1092 326 1253 380 vincit,
1294 335 1422 383 qua-m
1462 327 1537 383 qui
1576 326 1742 369 hostem

340 394 514 438 subicit.

240 467 307 506 82.
337 461 421 505 Est
450 461 757 505 difficillimum
790 477 834 504 se
865 463 1010 520 ipsum
1041 463 1229 506 vincere.

235 535 303 574 83.
335 529 493 588 Inique
533 530 752 585 irascitur,
785 531 860 588 qui
892 531 982 573 suis
1013 531 1216 573 irascitur
1249 532 1343 573 sine
1374 529 1536 573 dolore.

239 602 304 640 84.
335 599 498 641 Amare
529 599 593 641 sic
622 599 781 656 incipe,
812 605 1034 656 tamquam
1063 614 1149 642 non
1179 598 1308 641 liceat
1339 598 1421 641 tibi
1451 598 1664 641 desinere.

239 670 303 708 85.
334 666 595 723 Magnarum
632 680 776 708 rerum
815 667 985 709 etiamsi
1024 681 1250 710 successus
1290 682 1377 710 non
1414 666 1627 720 adfuerit,
1669 666 1742 708 ho-

338 741 488 777 nestus
520 740 586 777 est
615 734 711 791 ipse
741 740 935 778 conatus.

239 807 304 845 86.
336 801 557 845 Nobilitas
588 803 724 845 animi
753 803 1024 859 generositas
1057 817 1224 845 sensus.

241 875 309 913 87.
340 869 560 914 Nobilitas
593 870 780 913 hominis
810 885 1046 927 generosus
1076 872 1260 913 animus.

240 942 307 981 88.
340 938 576 982 Honestior
615 945 681 981 est
691 970 703 992 7
742 939 818 995 qui
856 945 1122 982 senectutem
1153 939 1210 980 ad
1241 939 1376 981 otium
1406 938 1576 992 retulit,
1616 953 1743 996 quam

340 1008 413 1063 qui
443 1007 489 1048 in
520 1012 787 1049 senectutem
818 1008 941 1050 venit
972 1013 1014 1049 et
1043 1013 1149 1050 tunc
1178 1007 1360 1064 incipiat
1390 1005 1602 1048 laborare.

240 1078 308 1117 89.
338 1073 486 1132 Turpe
517 1074 814 1132 spectaculum
844 1074 1026 1132 praebet
1055 1089 1186 1131 aeger
1215 1075 1399 1117 animus.

242 1147 309 1186 90.
339 1143 586 1200 Numquam
615 1143 755 1185 tristis
785 1143 922 1185 facies
953 1143 1012 1185 sit
1040 1142 1124 1185 tibi
1154 1143 1200 1185 in
1230 1142 1454 1185 commodo
1484 1142 1679 1184 alterius.

242 1215 310 1253 91.
340 1210 483 1253 Homo
521 1225 635 1254 sum:
679 1210 894 1268 quomodo
932 1211 1140 1254 devitabo
1179 1211 1466 1254 secundarum
1505 1225 1648 1252 rerum
1679 1211 1740 1251 in-

342 1278 542 1321 vidiam‘?

243 1350 309 1390 92.
342 1346 387 1390 Si
418 1345 676 1390 felicitatem
706 1347 954 1402 iactaveris,
986 1346 1133 1389 multis
1165 1346 1290 1390 dives
1323 1348 1422 1390 eris.

243 1419 308 1457 93.
341 1413 571 1468 Quomodo
602 1416 765 1473 optime
795 1416 1034 1473 potentiam
1063 1415 1251 1458 tuebor?
1290 1415 1590 1472 †impotentia
1620 1429 1742 1458 occa-

341 1483 489 1526 sionis.

243 1554 308 1594 94.
338 1550 503 1594 Locum
533 1556 653 1594 tenet
682 1552 931 1609 proximum
961 1552 1234 1594 innocentiae
1265 1551 1502 1594 confessio:
1537 1551 1614 1593 ubi
1644 1565 1742 1593 con-

343 1619 490 1674 fessio,
522 1619 587 1662 ibi
614 1620 829 1664 remissio,

241 1692 308 1731 95.
332 1687 400 1730 96.
432 1687 653 1730 Severitas
681 1688 728 1729 in
754 1688 864 1730 vitio
885 1694 965 1742 est,
988 1689 1090 1746 quia
1109 1688 1336 1746 proximus
1357 1687 1600 1730 iniustitiae
1622 1686 1741 1730 locus

342 1755 569 1798 severitas.

242 1828 310 1866 97.
342 1823 487 1866 Bonus
525 1822 660 1866 iudex
700 1829 786 1878 est,
825 1824 900 1881 qui
938 1829 1083 1880 potest
1120 1823 1374 1881 dispensare
1403 1838 1490 1867 non
1519 1829 1608 1865 tam
1638 1822 1743 1880 quid

341 1890 635 1935 damnandum
665 1892 736 1946 sit,
769 1891 846 1935 sed
877 1898 1102 1949 quatenus.

215 2015 251 2048 et
280 2012 382 2048 editt.
443 2010 491 2048 In
521 2012 710 2047 sententia
740 2015 928 2058 corrupta
949 2012 1131 2047 lacunam
1154 2012 1394 2059 siqnificasse
1415 2013 1509 2046 satis
1529 2009 1743 2047 habuimus.

327 2067 379 2104 81
414 2065 475 2115 Cf.
496 2067 674 2104 Laetam.
695 2069 812 2104 instit.
838 2068 876 2113 1,
899 2067 921 2104 9
937 2084 946 2102 :
977 2067 1071 2103 ‘Non
1094 2068 1188 2103 enim
1210 2066 1339 2103 fortior
1359 2066 1569 2103 iudicandus
1590 2072 1660 2113 est,
1683 2067 1744 2115 qui

214 2123 356 2160 leonem
385 2134 490 2171 quam
522 2124 584 2171 qui
612 2123 816 2160 violentiam
848 2128 885 2159 et
911 2123 1127 2164 iracundiam
1156 2123 1332 2171 superat’.
1392 2123 1576 2160 Proverb.
1601 2122 1741 2160 Salom.

217 2180 281 2221 16,
303 2179 356 2217 32
386 2170 425 2215 ‘o
445 2177 601 2227 κρατῶν
623 2172 745 2229 ὀργῆς
766 2176 957 2228 κρείσσων
979 2178 1048 2216 τοῦ
1071 2175 1475 2228 καταλαμβανομένου
1495 2175 1643 2216 πόλιν’.

215 2235 267 2273 82
298 2231 381 2286 Est]
412 2236 504 2272 enim
534 2238 679 2274 addunt
710 2237 740 2274 G
762 2236 791 2274 S
937 2236 989 2274 83
1020 2232 1158 2287 Inique]
1189 2247 1302 2285 paene
1330 2237 1451 2285 inique
1481 2236 1528 2283 S,
1557 2235 1649 2273 bene
1679 2237 1743 2272 ini-

216 2303 285 2341 que
308 2293 339 2329 G
465 2294 542 2330 sine
573 2293 701 2330 dolore
731 2294 787 2330 Ga
817 2292 865 2329 S.-
895 2294 924 2330 si
953 2294 990 2330 in
1018 2292 1145 2329 dolo're
1175 2293 1228 2330 Gb
1386 2293 1438 2331 85
1469 2292 1646 2329 Bonarum
1674 2304 1745 2329 ma-

215 2359 439 2398 gnarumque
463 2350 496 2386 P
606 2349 659 2387 87
691 2346 866 2400 hominis]
890 2350 1053 2398 corporis
1076 2351 1185 2398 vulqo
1298 2349 1351 2387 88
1385 2360 1491 2398 quem
1511 2355 1679 2386 senectus
1702 2349 1743 2386 ad

215 2406 327 2442 otium
350 2407 460 2454 vulyo
585 2402 604 2425 *
625 2407 660 2442 in
682 2402 925 2456 senectutem]
948 2407 984 2442 in
1007 2407 1119 2443 otium
1140 2407 1250 2447 Ζηνί,-
1282 2418 1388 2454 quam
1410 2417 1514 2454 quem
1538 2407 1573 2442 in
1595 2407 1670 2442 otio
1693 2407 1745 2442 in-

214 2463 312 2499 venit
342 2463 445 2499 editt.
562 2462 617 2500 90
646 2462 754 2499 facies
782 2463 831 2499 sit
859 2462 922 2499 tibi
946 2463 1002 2500 Ga
1024 2475 1071 2499 m.
1094 2473 1171 2499 sec.
1207 2463 1238 2499 V
1256 2468 1291 2499 ec
1312 2464 1396 2499 edd.
1425 2463 1455 2498 si
1485 2463 1651 2510 quotiens
1683 2462 1745 2498 tibi

215 2519 283 2567 ipsi
304 2518 533 2556 incommodo
554 2520 684 2556 vixeris
702 2520 790 2556 libb.
814 2523 902 2556 vett.
986 2519 1037 2556 92
1070 2519 1192 2555 multis
1216 2519 1267 2555 G.-
1286 2520 1323 2555 in
1345 2519 1466 2555 multis
1487 2518 1530 2565 S,
1553 2530 1632 2555 cum
1655 2518 1745 2555 mul-

217 2576 261 2612 tis
284 2578 393 2624 vulgo
490 2575 542 2613 93
572 2574 602 2621 †
622 2576 680 2612 De
702 2577 927 2623 corruptela
948 2587 1023 2612 non
1043 2577 1181 2623 liquet.-
1208 2575 1304 2623 fort.
1328 2586 1406 2612 scr.
1429 2576 1604 2623 potentia,
1627 2580 1667 2612 ut
1689 2580 1744 2612 est

219 2644 281 2680 ap.
302 2629 395 2669 Sen.
418 2633 464 2669 de
485 2634 592 2669 clem.
618 2632 656 2680 1,
681 2632 746 2679 13,
770 2631 793 2668 2
823 2630 974 2669 ‘scelera
996 2631 1191 2668 sceleribus
1213 2631 1344 2668 tuenda
1364 2632 1479 2668 sunt’.
1541 2631 1635 2669 Sall.
1661 2632 1742 2669 Cat.

220 2687 260 2736 2,
275 2687 302 2724 4
325 2687 529 2738 ‘imperium
550 2689 593 2725 iis
615 2688 751 2725 artibus
772 2689 964 2735 retinetur,
986 2687 1115 2737 quibus
1136 2689 1239 2725 initio
1260 2693 1402 2737 partum
1425 2688 1510 2724 est'.
1591 2687 1642 2724 94
1664 2699 1746 2736 pec·

220 2745 287 2782 cati
308 2745 507 2782 verecunda
535 2745 715 2782 consessio
736 2745 772 2782 P
871 2744 922 2782 95
955 2746 989 2781 in
1012 2745 1098 2781 vitio
1122 2746 1178 2782 Ga
1200 2758 1246 2781 m.
1269 2756 1360 2782 sec„-
1391 2744 1495 2781 abnio
1519 2745 1564 2790 G,
1587 2745 1744 2781 criminis

220 2799 372 2838 abnubio
395 2801 424 2839 S
429 2818 442 2844 ;
458 2802 555 2850 fort.
575 2803 780 2848 criminosa,
803 2802 888 2839 coll.
910 2801 1018 2839 Publ.
1044 2800 1082 2837 S.
1107 2814 1139 2838 v.
1159 2801 1239 2838 254
1375 2797 1619 2838 *iniustitiaez
1643 2802 1744 2837 iusti-

220 2852 294 2893 tiae
315 2858 480 2905 cadica,
503 2861 612 2908 vulyo
734 2858 837 2895 locus
860 2858 910 2895 G.-
931 2857 1058 2894 modus
1076 2858 1106 2895 S
1120 2859 1230 2907 vulqo
1374 2857 1426 2894 97
1459 2852 1596 2910 potest]
1623 2859 1678 2896 Gb
1700 2858 1745 2895 S.-

219 2913 320 2950 uovit
342 2913 398 2950 Ga
420 2926 468 2952 m.
491 2926 567 2953 sec.
686 2921 755 2952 tam
779 2915 835 2952 Ga
856 2927 902 2951 m.
925 2925 1019 2952 sec„-
1041 2912 1111 2951 taffi
1134 2914 1173 2962 S,
1197 2920 1334 2951 tautum
1357 2913 1411 2950 Gb
