1956 3308
332 242 382 281 76
746 247 944 278 rusum
976 247 1077 278 sym
1110 245 1412 278 seu'rrmrmss.

439 349 638 404 Effugere
667 347 946 405 cupiditatem
976 360 1153 401 regnum
1184 352 1248 388 est
1279 346 1462 386 vincere.

333 422 408 457 155
438 414 655 458 'Exulanti
686 414 759 455 ubi
789 410 999 468 nusquam
1029 411 1178 454 domus
1200 417 1278 464 est,
1301 413 1392 452 sine
1414 410 1608 467 sepulcro
1631 416 1695 453 est
1714 425 1821 453 mor-

1124 484 1236 519 tuus.

441 548 496 589 Et
527 547 597 602 qui
629 546 833 593 fecerunt,
865 545 1045 587 oderunt
1075 545 1287 587 iniuriam.

440 613 617 669 Eripere
647 611 791 664 telum,
822 627 906 654 non
937 611 1038 652 dare
1068 611 1176 653 irato
1207 609 1342 651 decet.

443 678 631 720 Exilium
662 678 834 734 patitur,
867 678 1030 735 patriae
1060 678 1131 733 qui
1163 691 1206 719 se
1237 676 1435 731 denegat.

440 745 582 787 Etiam
613 744 792 801 capillus
821 759 930 786 unus
961 744 1089 785 habet
1120 742 1311 784 umbram
1343 757 1475 784 suam.

333 819 410 853 160
439 812 561 853 Eheu
591 825 718 866 quam
749 811 947 853 miserum
980 818 1057 863 est,
1089 810 1180 851 fieri
1210 809 1436 851 metuendo
1467 824 1623 851 senem.

439 878 581 919 Etiam
610 877 723 918 hosti
755 883 819 919 est
846 891 1021 933 aequus,
1053 877 1126 931 qui
1155 875 1286 917 habet
1314 876 1359 916 in
1389 874 1567 918 consilio
1598 873 1737 916 fidem.

442 943 637 985 Exeelsis
668 943 799 985 multo
829 942 998 984 facilius
1029 957 1150 984 casus
1180 948 1315 984 nocet.

442 1011 646 1052 Extrema
676 1024 842 1066 semper
872 1009 925 1050 de
954 1015 1053 1051 ante
1082 1008 1205 1051 factis
1235 1007 1439 1050 iudicant.

440 1076 510 1118 Ex
539 1075 613 1117 lite
643 1075 775 1117 multa
804 1076 943 1131 gratia
971 1075 1019 1117 fit
1048 1075 1284 1118 formosior.

335 1149 409 1185 165
441 1143 604 1198 (Etiam
635 1142 791 1184 bonum
821 1156 949 1198 saepe
978 1142 1099 1184 obest
1127 1143 1406 1196 assuescere.)

439 1209 589 1250 Fidem
621 1209 694 1264 qui
725 1208 880 1264 perdit,
912 1223 994 1265 quo
1025 1223 1070 1250 se
1101 1214 1241 1250 servet
1269 1207 1460 1250 relicuo?

442 1275 630 1316 Fortuna
660 1289 756 1317 cum
785 1274 1017 1328 blanditur,
1049 1281 1264 1331 captatum
1294 1275 1426 1316 venit.

442 1341 676 1382 Fortunam
706 1342 832 1383 eitius
863 1342 1052 1398 reperias
1083 1355 1209 1397 quam
1238 1342 1438 1383 retineas.

441 1407 675 1449 Formonsa
705 1407 835 1449 facies
865 1414 983 1450 muta
1013 1407 1322 1450 commendatio
1355 1414 1433 1449 est.

333 1533 507 1561 comens
539 1536 570 1562 v.
602 1523 835 1560 147-1622
868 1524 1010 1561 PRBF
1035 1522 1181 1570 (ΤΕο),
1213 1535 1243 1558 v.
1277 1523 1511 1561 163—165:
1543 1524 1596 1569 F,
1627 1535 1657 1558 v.
1690 1523 1821 1561 166—

598 1578 694 1616 192:
727 1579 1015 1626 PRBMTEG)

442 1656 517 1693 154
549 1656 704 1704 effugere
726 1657 852 1693 BFE':
881 1656 1029 1705 effugire
1051 1656 1138 1702 PR,
1168 1667 1248 1704 cup.
1277 1656 1433 1704 effugere
1465 1657 1566 1694 Vinc.
1590 1657 1686 1694 Bell.
1708 1666 1765 1703 sp.
1785 1657 1822 1693 d.

330 1713 368 1761 4,
395 1712 472 1749 146
589 1712 666 1748 155
696 1709 717 1733 *
740 1711 902 1748 Exulanti
931 1711 1005 1748 ubi:
1037 1711 1131 1748 exuli
1159 1711 1217 1748 uhi
1243 1713 1294 1759 L,
1321 1711 1401 1748 exul
1429 1713 1459 1748 is
1485 1713 1542 1749 cui
1573 1713 1712 1749 Gruter
1730 1723 1823 1759 pro-

330 1770 442 1804 bante
463 1768 654 1813 Bentleio,
683 1767 745 1803 Cui
766 1768 952 1804 Erasmus
1064 1772 1119 1803 est
1146 1772 1285 1803 mortua
1304 1767 1392 1804 PR.-
1421 1773 1582 1804 mortuus
1610 1772 1667 1804 est
1687 1767 1741 1812 B,
1768 1771 1823 1803 est

330 1829 507 1859 mortuum
529 1823 565 1858 F
684 1822 761 1859 156
792 1828 828 1858 et
855 1822 934 1863 LC‚·
964 1823 1064 1858 etiam
1106 1823 1207 1859 Vino.
1239 1823 1333 1859 Bell.
1360 1833 1417 1869 sp.
1446 1825 1480 1859 d.
1507 1823 1553 1869 4,
1584 1822 1685 1869 132,
1713 1821 1822 1869 vuloo

442 1878 602 1914 fecerunt
623 1878 658 1913 B
672 1890 737 1924 pr.
760 1889 894 1915 manu.-
924 1878 1054 1914 saciunt
1075 1879 1112 1914 B
1131 1888 1204 1914 sec.
1226 1890 1273 1915 m.
1294 1878 1440 1924 PRFC,
1463 1881 1570 1926 vulyo
1683 1877 1823 1914 oderim

330 1934 545 1978 Bentleius,
576 1933 657 1969 odio
687 1932 816 1969 habent
844 1934 1039 1970 Erasmus.
1100 1933 1159 1980 Cf.
1187 1933 1335 1982 Proley.
1357 1945 1422 1982 pq.
1444 1934 1496 1971 56
1632 1932 1708 1971 157
1739 1931 1822 1970 Ea·
1863 1955 1866 1958 ·

330 1991 466 2037 eripere
486 1989 614 2024 irarum
637 1987 771 2034 officia,
793 2000 863 2025 non
885 1999 1079 2036 suggerere
1100 1989 1169 2025 tela
1188 1990 1279 2025 irato
1299 1990 1401 2026 decet
1424 1989 1464 2024 T.
1524 1990 1753 2036 Respexisse
1773 1989 1821 2026 υἰ-

333 2047 445 2081 detur
474 2044 619 2081 Seneca
649 2045 694 2080 de
722 2047 780 2080 ira
813 2045 856 2090 1,
889 2045 959 2090 19,
989 2044 1012 2081 8
1047 2044 1148 2080 ‘Male
1175 2046 1264 2081 irato
1291 2044 1423 2080 serrum
1451 2042 1714 2081 committitur’.

337 2101 412 2137 158
444 2100 578 2147 patitur
598 2099 638 2145 C,
661 2099 819 2136 Gruter.-
848 2101 920 2147 pati
940 2105 994 2136 est
1014 2100 1064 2146 L,
1086 2105 1140 2136 est
1162 2101 1233 2148 pati
1254 2101 1439 2137 Erasmus
1550 2100 1681 2149 patriae
1700 2109 1739 2135 se
1757 2097 1821 2135 de·

330 2166 458 2203 negare
479 2155 515 2190 B
536 2164 610 2191 sec.
632 2167 676 2191 m.
701 2155 925 2202 Beruensis,
948 2157 1045 2192 unde
1066 2156 1270 2192 Fabricius
1290 2155 1335 2192 Se
1355 2155 1532 2204 denegare
1553 2167 1586 2203 p.
1609 2154 1749 2191 exilium
1768 2158 1823 2190 est

328 2211 396 2258 pati
476 2210 552 2247 159
586 2220 674 2246 unus
696 2223 763 2247 om.
790 2210 819 2245 C
905 2211 981 2248 160
1011 2211 1080 2247 heu
1102 2211 1131 2248 0
1212 2207 1351 2260 senem]
1375 2221 1494 2247 mense
1514 2211 1549 2248 R
1625 2209 1695 2246 heu
1715 2219 1819 2257 quam

329 2277 373 2302 m.
396 2271 449 2301 est
469 2266 520 2301 sic
540 2276 585 2300 m.
607 2276 792 2302 senescere
819 2266 920 2303 Vino.
944 2266 1041 2302 Bell.
1064 2277 1120 2312 sp.
1142 2268 1177 2302 d.
1200 2266 1239 2312 4,
1258 2266 1308 2303 74
1397 2266 1474 2303 161
1517 2267 1621 2303 Vinc-
1642 2265 1688 2301 B.
1708 2274 1765 2310 sp.
1785 2264 1819 2301 d.

330 2320 370 2366 4,
392 2321 443 2358 58
525 2319 600 2357 162
644 2321 744 2357 Vn‘nc.
770 2322 866 2358 Bell.
887 2332 943 2368 sp.
966 2322 1000 2357 d.
1017 2321 1057 2367 4,
1078 2321 1166 2359 127.
1199 2322 1256 2369 Cf:
1282 2335 1311 2359 υ.
1333 2322 1410 2359 667
1484 2321 1561 2359 163
1590 2319 1771 2358 anteracus
1788 2319 1826 2356 F

439 2374 591 2412 indicant
621 2377 748 2421 Bothe„
875 2377 950 2414 164
986 2376 1043 2423 Cf.
1076 2391 1108 2414 v.
1139 2378 1214 2414 131
1353 2377 1466 2413 multo
1494 2379 1591 2414 coni.
1620 2376 1676 2413 Io.
1706 2374 1816 2422 Casp-

335 2433 453 2469 Orelli
566 2425 643 2468 lffi)
675 2432 734 2479 Cf.
757 2445 789 2469 v.
810 2431 875 2469 45.
897 2432 989 2470 325.
1105 2432 1198 2470 bono
1220 2435 1317 2470 coni.
1340 2433 1480 2470 Gruter
1608 2430 1746 2479 saepius
1771 2429 1824 2466 ad

328 2489 555 2534 explendum
585 2488 776 2535 dactylum
804 2488 958 2536 Inyolst.
980 2491 1104 2525 malim
1126 2499 1315 2537 persaepe,
1345 2498 1450 2536 saepe
1477 2488 1532 2530 F,·
1558 2486 1662 2524 etium
1689 2483 1819 2523 bonum

330 2554 435 2591 saepe
456 2548 510 2579 est
532 2542 766 2579 aedsuoscere
786 2543 987 2580 Palatinus
1101 2545 1178 2581 166
1209 2548 1324 2580 servet
1346 2543 1382 2580 B
1397 2555 1461 2590 pr.
1481 2555 1528 2580 m.
1550 2552 1652 2579 corr.
1674 2539 1722 2576 F.-
1746 2549 1819 2575 ser-

332 2604 386 2634 vat
406 2598 524 2638 PBC;
555 2608 626 2645 quo
654 2604 810 2634 reservat
831 2599 885 2643 R,
918 2599 1003 2646 quid
1030 2599 1094 2635 sibi
1123 2603 1238 2636 servat
1258 2600 1295 2635 Ε
1404 2598 1540 2646 reliquo
1563 2595 1594 2632 C
1609 2600 1644 2632 et
1663 2597 1820 2642 optimus

331 2655 453 2690 codex
481 2654 653 2690 Gruter-i.-
683 2653 857 2701 reliquum
887 2654 1045 2700 PRBE,
1076 2655 1109 2691 in
1139 2654 1313 2702 reliquum
1335 2654 1562 2697 Ber-nemis,
1591 2660 1660 2688 non
1688 2655 1743 2686 est
1765 2659 1820 2685 re·

331 2709 450 2745 lictum
472 2710 508 2744 F
621 2709 695 2746 167
726 2714 826 2757 capta
847 2709 929 2746 dum
951 2711 985 2747 R
1110 2709 1186 2747 168
1218 2709 1359 2746 fortuna
1378 2709 1413 2745 P
1519 2706 1671 2755 reperim
1691 2703 1821 2742 PbRB

344 2765 444 2799 l'inc.
470 2764 567 2800 Bell.
599 2775 654 2811 sp.
679 2765 713 2800 (l.
737 2765 781 2810 5,
806 2764 902 2800 121:
934 2766 1112 2813 repperias
1134 2765 1238 2811 PaF,
1266 2765 1399 2813 rapies,
1427 2767 1547 2800 ortum
1578 2771 1629 2798 ex
1657 2761 1773 2808 repies
1795 2758 1824 2794 C

445 2819 520 2855 169
552 2819 730 2855 formonsa
754 2821 826 2856 Pa:
858 2820 1037 2857 sormunsa
1058 2822 1123 2866 Pb,
1148 2821 1329 2857 formonso
1349 2819 1396 2861 R,
1418 2818 1571 2855 formosa
1593 2815 1695 2852 BFc'

331 2879 423 2909 muta
454 2874 517 2909 FC
544 2875 835 2922 Bamberqensae's
862 2881 897 2912 el
931 2877 1134 2913 Erasmus.-
1173 2875 1280 2912 multa
1307 2873 1457 2917 PaRB,
1493 2871 1605 2909 multo
1635 2871 1699 2908 Pb.
1760 2869 1816 2917 Cf.
