<?xml version="1.0" encoding="UTF-8"?>
<!DOCTYPE html PUBLIC "-//W3C//DTD XHTML 1.0 Transitional//EN"
    "http://www.w3.org/TR/xhtml1/DTD/xhtml1-transitional.dtd">
<html xmlns="http://www.w3.org/1999/xhtml" xml:lang="en" lang="en">
 <head>
  <title>
</title>
<meta http-equiv="Content-Type" content="text/html;charset=utf-8" />
  <meta name='ocr-system' content='tesseract 3.04.00' />
  <meta name='ocr-capabilities' content='ocr_page ocr_carea ocr_par ocr_line ocrx_word'/>
</head>
<body>
  <div class='ocr_page' id='page_1' title='image "./publiliisyrisent00publuoft/publiliisyrisent00publuoft_0044.png"; bbox 0 0 1956 3308; ppageno 0'>
   <div class='ocr_carea' id='block_1_1' title="bbox 341 245 1264 285">
    <p class='ocr_par' dir='ltr' id='par_1_1' title="bbox 341 245 1264 285">
     <span class='ocr_line' id='line_1_1' title="bbox 341 245 1264 285; baseline -0.001 0"><span class='ocrx_word' id='word_1_1' title='bbox 341 245 395 285; x_wconf 90' lang='lat'>38</span> <span class='ocrx_word' id='word_1_2' title='bbox 908 251 1264 284; x_wconf 64' lang='grc' dir='ltr'>νκοωςαοΜιςΝΛ.</span> 
     </span>
    </p>
   </div>
   <div class='ocr_carea' id='block_1_2' title="bbox 342 348 1873 938">
    <p class='ocr_par' dir='ltr' id='par_1_2' title="bbox 342 348 1873 938">
     <span class='ocr_line' id='line_1_2' title="bbox 342 348 1831 410; baseline -0.003 -15"><span class='ocrx_word' id='word_1_3' title='bbox 342 354 443 410; x_wconf 90' lang='lat' dir='ltr'>quin</span> <span class='ocrx_word' id='word_1_4' title='bbox 474 354 601 395; x_wconf 86' lang='lat' dir='ltr'>etiam</span> <span class='ocrx_word' id='word_1_5' title='bbox 632 354 829 395; x_wconf 86' lang='lat' dir='ltr'>inventus</span> <span class='ocrx_word' id='word_1_6' title='bbox 860 359 937 405; x_wconf 86' lang='lat' dir='ltr'>est,</span> <span class='ocrx_word' id='word_1_7' title='bbox 969 351 1041 407; x_wconf 89' lang='lat' dir='ltr'>qui</span> <span class='ocrx_word' id='word_1_8' title='bbox 1072 366 1126 393; x_wconf 87' lang='lat' dir='ltr'>cx</span> <span class='ocrx_word' id='word_1_9' title='bbox 1156 351 1342 393; x_wconf 82' lang='lat' dir='ltr'>Senecae</span> <span class='ocrx_word' id='word_1_10' title='bbox 1371 349 1636 404; x_wconf 84' lang='lat' dir='ltr'>dialogorum</span> <span class='ocrx_word' id='word_1_11' title='bbox 1666 348 1774 391; x_wconf 90' lang='lat' dir='ltr'>libro</span> <span class='ocrx_word' id='word_1_12' title='bbox 1795 348 1831 391; x_wconf 86' lang='grc' dir='ltr'>Ι.</span> 
     </span>
     <span class='ocr_line' id='line_1_3' title="bbox 344 413 1832 476; baseline -0.004 -15"><span class='ocrx_word' id='word_1_13' title='bbox 344 420 417 475; x_wconf 90' lang='lat' dir='ltr'>(de</span> <span class='ocrx_word' id='word_1_14' title='bbox 447 419 752 476; x_wconf 84' lang='lat' dir='ltr'>providentia),</span> <span class='ocrx_word' id='word_1_15' title='bbox 787 418 846 459; x_wconf 90' lang='lat' dir='ltr'>II.</span> <span class='ocrx_word' id='word_1_16' title='bbox 878 417 951 473; x_wconf 90' lang='lat' dir='ltr'>(dc</span> <span class='ocrx_word' id='word_1_17' title='bbox 981 418 1220 465; x_wconf 82' lang='lat' dir='ltr'>constantia</span> <span class='ocrx_word' id='word_1_18' title='bbox 1248 415 1496 473; x_wconf 80' lang='lat' dir='ltr'>sapientis),</span> <span class='ocrx_word' id='word_1_19' title='bbox 1526 414 1610 458; x_wconf 92' lang='lat' dir='ltr'><strong>III.</strong></span> <span class='ocrx_word' id='word_1_20' title='bbox 1639 414 1749 456; x_wconf 92' lang='lat' dir='ltr'><strong>IIII.</strong></span> <span class='ocrx_word' id='word_1_21' title='bbox 1778 413 1832 456; x_wconf 88' lang='lat' dir='ltr'>V.</span> 
     </span>
     <span class='ocr_line' id='line_1_4' title="bbox 345 479 1834 541; baseline -0.003 -14"><span class='ocrx_word' id='word_1_22' title='bbox 345 486 418 541; x_wconf 90' lang='lat' dir='ltr'>(dc</span> <span class='ocrx_word' id='word_1_23' title='bbox 446 486 526 541; x_wconf 84' lang='lat' dir='ltr'>ira)</span> <span class='ocrx_word' id='word_1_24' title='bbox 557 485 763 540; x_wconf 84' lang='lat' dir='ltr'>librisque</span> <span class='ocrx_word' id='word_1_25' title='bbox 793 484 846 525; x_wconf 90' lang='lat' dir='ltr'>dc</span> <span class='ocrx_word' id='word_1_26' title='bbox 877 483 1100 525; x_wconf 84' lang='lat' dir='ltr'>clementia</span> <span class='ocrx_word' id='word_1_27' title='bbox 1120 482 1246 540; x_wconf 90' lang='lat' dir='ltr'>plane</span> <span class='ocrx_word' id='word_1_28' title='bbox 1265 483 1422 525; x_wconf 88' lang='lat' dir='ltr'>novam</span> <span class='ocrx_word' id='word_1_29' title='bbox 1441 482 1631 538; x_wconf 88' lang='lat' dir='ltr'>satisque</span> <span class='ocrx_word' id='word_1_30' title='bbox 1649 479 1834 537; x_wconf 82' lang='lat' dir='ltr'><strong>amplam</strong></span> 
     </span>
     <span class='ocr_line' id='line_1_5' title="bbox 342 547 1833 606; baseline -0.003 -13"><span class='ocrx_word' id='word_1_31' title='bbox 342 553 646 593; x_wconf 87' lang='lat' dir='ltr'>sententiarum</span> <span class='ocrx_word' id='word_1_32' title='bbox 676 550 968 592; x_wconf 85' lang='lat' dir='ltr'>collectionem</span> <span class='ocrx_word' id='word_1_33' title='bbox 998 556 1245 606; x_wconf 81' lang='lat' dir='ltr'>excerperet</span> <span class='ocrx_word' id='word_1_34' title='bbox 1275 562 1450 605; x_wconf 90' lang='lat' dir='ltr'>eamque</span> <span class='ocrx_word' id='word_1_35' title='bbox 1477 562 1553 589; x_wconf 84' lang='lat' dir='ltr'>suo</span> <span class='ocrx_word' id='word_1_36' title='bbox 1573 548 1666 589; x_wconf 89' lang='lat' dir='ltr'>iure</span> <span class='ocrx_word' id='word_1_37' title='bbox 1685 547 1833 589; x_wconf 86' lang='lat' dir='ltr'>inscri-</span> 
     </span>
     <span class='ocr_line' id='line_1_6' title="bbox 342 612 1834 670; baseline -0.002 -12"><span class='ocrx_word' id='word_1_38' title='bbox 342 617 462 659; x_wconf 87' lang='lat' dir='ltr'>beret</span> <span class='ocrx_word' id='word_1_39' title='bbox 499 616 730 658; x_wconf 88' lang='lat' dir='ltr'>Proverbia</span> <span class='ocrx_word' id='word_1_40' title='bbox 767 616 965 659; x_wconf 87' lang='lat' dir='ltr'>Senecae.</span> <span class='ocrx_word' id='word_1_41' title='bbox 1024 615 1227 658; x_wconf 86' lang='lat' dir='ltr'>Delectus</span> <span class='ocrx_word' id='word_1_42' title='bbox 1264 614 1380 656; x_wconf 87' lang='lat' dir='ltr'>illius</span> <span class='ocrx_word' id='word_1_43' title='bbox 1420 614 1494 670; x_wconf 82' lang='lat' dir='ltr'>(cf.</span> <span class='ocrx_word' id='word_1_44' title='bbox 1533 612 1657 655; x_wconf 86' lang='lat' dir='ltr'>codd.</span> <span class='ocrx_word' id='word_1_45' title='bbox 1698 612 1834 656; x_wconf 86' lang='lat' dir='ltr'>Paris.</span> 
     </span>
     <span class='ocr_line' id='line_1_7' title="bbox 343 679 1837 737; baseline -0.003 -12"><span class='ocrx_word' id='word_1_46' title='bbox 343 683 465 725; x_wconf 80' lang='lat'><strong>6379.</strong></span> <span class='ocrx_word' id='word_1_47' title='bbox 495 683 618 724; x_wconf 87' lang='grc'>6380.</span> <span class='ocrx_word' id='word_1_48' title='bbox 648 683 771 725; x_wconf 89' lang='grc'>6384.</span> <span class='ocrx_word' id='word_1_49' title='bbox 801 682 912 724; x_wconf 84' lang='grc'>6390</span> <span class='ocrx_word' id='word_1_50' title='bbox 940 696 1050 726; x_wconf 87' lang='lat' dir='ltr'>saec.</span> <span class='ocrx_word' id='word_1_51' title='bbox 1081 681 1205 724; x_wconf 92' lang='lat' dir='ltr'><strong>XIV.</strong></span> <span class='ocrx_word' id='word_1_52' title='bbox 1237 687 1279 723; x_wconf 91' lang='lat' dir='ltr'>et</span> <span class='ocrx_word' id='word_1_53' title='bbox 1307 680 1427 736; x_wconf 86' lang='lat' dir='ltr'><strong>XV.)</strong></span> <span class='ocrx_word' id='word_1_54' title='bbox 1458 681 1596 737; x_wconf 87' lang='lat' dir='ltr'>prima</span> <span class='ocrx_word' id='word_1_55' title='bbox 1626 679 1837 722; x_wconf 82' lang='lat' dir='ltr'>sententia</span> 
     </span>
     <span class='ocr_line' id='line_1_8' title="bbox 345 744 1873 802; baseline -0.003 -12"><span class='ocrx_word' id='word_1_56' title='bbox 345 755 429 791; x_wconf 88' lang='lat' dir='ltr'>est:</span> <span class='ocrx_word' id='word_1_57' title='bbox 461 749 567 791; x_wconf 80' lang='lat' dir='ltr'>Non</span> <span class='ocrx_word' id='word_1_58' title='bbox 595 751 705 802; x_wconf 78' lang='lat' dir='ltr'>quid,</span> <span class='ocrx_word' id='word_1_59' title='bbox 736 749 807 791; x_wconf 84' lang='lat' dir='ltr'>sed</span> <span class='ocrx_word' id='word_1_60' title='bbox 825 749 1165 802; x_wconf 78' lang='lat' dir='ltr'>quemadmodum</span> <span class='ocrx_word' id='word_1_61' title='bbox 1182 749 1296 800; x_wconf 76' lang='lat' dir='ltr'>feras</span> <span class='ocrx_word' id='word_1_62' title='bbox 1315 749 1481 789; x_wconf 75' lang='lat' dir='ltr'>interest</span> <span class='ocrx_word' id='word_1_63' title='bbox 1500 747 1575 802; x_wconf 90' lang='lat'>(=</span> <span class='ocrx_word' id='word_1_64' title='bbox 1593 745 1646 788; x_wconf 90' lang='lat' dir='ltr'>de</span> <span class='ocrx_word' id='word_1_65' title='bbox 1666 744 1835 802; x_wconf 88' lang='lat' dir='ltr'>provid.</span> <span class='ocrx_word' id='word_1_66' title='bbox 1863 746 1873 757; x_wconf 83' lang='lat'><em>&#39;</em></span> 
     </span>
     <span class='ocr_line' id='line_1_9' title="bbox 343 811 1837 870; baseline -0.002 -13"><span class='ocrx_word' id='word_1_67' title='bbox 343 817 385 868; x_wconf 82' lang='grc'>2,</span> <span class='ocrx_word' id='word_1_68' title='bbox 408 816 469 870; x_wconf 89' lang='grc'>4),</span> <span class='ocrx_word' id='word_1_69' title='bbox 499 815 650 857; x_wconf 89' lang='lat' dir='ltr'>ultima</span> <span class='ocrx_word' id='word_1_70' title='bbox 678 815 804 858; x_wconf 88' lang='lat' dir='ltr'>haec:</span> <span class='ocrx_word' id='word_1_71' title='bbox 846 815 985 856; x_wconf 70' lang='lat' dir='ltr'>Venia</span> <span class='ocrx_word' id='word_1_72' title='bbox 1014 817 1071 856; x_wconf 80' lang='lat' dir='ltr'>est</span> <span class='ocrx_word' id='word_1_73' title='bbox 1091 827 1250 867; x_wconf 74' lang='lat' dir='ltr'>poena-e</span> <span class='ocrx_word' id='word_1_74' title='bbox 1279 815 1446 856; x_wconf 77' lang='lat' dir='ltr'>meritae</span> <span class='ocrx_word' id='word_1_75' title='bbox 1474 813 1659 855; x_wconf 81' lang='lat' dir='ltr'>remissio</span> <span class='ocrx_word' id='word_1_76' title='bbox 1690 812 1762 868; x_wconf 90' lang='lat'>(=</span> <span class='ocrx_word' id='word_1_77' title='bbox 1783 811 1837 853; x_wconf 86' lang='lat' dir='ltr'>dc</span> 
     </span>
     <span class='ocr_line' id='line_1_10' title="bbox 346 879 1836 938; baseline -0.002 -15"><span class='ocrx_word' id='word_1_78' title='bbox 346 881 465 923; x_wconf 87' lang='lat' dir='ltr'>clem.</span> <span class='ocrx_word' id='word_1_79' title='bbox 496 882 545 935; x_wconf 83' lang='lat'>2,</span> <span class='ocrx_word' id='word_1_80' title='bbox 578 882 616 934; x_wconf 84' lang='lat'>7,</span> <span class='ocrx_word' id='word_1_81' title='bbox 652 882 716 938; x_wconf 85' lang='lat'>1)3</span> <span class='ocrx_word' id='word_1_82' title='bbox 759 881 836 922; x_wconf 89' lang='lat' dir='ltr'>sed</span> <span class='ocrx_word' id='word_1_83' title='bbox 864 895 918 922; x_wconf 91' lang='lat' dir='ltr'>ne</span> <span class='ocrx_word' id='word_1_84' title='bbox 948 881 1042 936; x_wconf 89' lang='lat' dir='ltr'>quis</span> <span class='ocrx_word' id='word_1_85' title='bbox 1072 885 1301 922; x_wconf 87' lang='lat' dir='ltr'>tractatum</span> <span class='ocrx_word' id='word_1_86' title='bbox 1331 880 1386 921; x_wconf 89' lang='lat' dir='ltr'>ad</span> <span class='ocrx_word' id='word_1_87' title='bbox 1415 879 1670 936; x_wconf 84' lang='lat' dir='ltr'>explendam</span> <span class='ocrx_word' id='word_1_88' title='bbox 1697 884 1836 936; x_wconf 87' lang='lat' dir='ltr'>poste-</span> 
     </span>
    </p>
   </div>
   <div class='ocr_carea' id='block_1_3' title="bbox 345 931 1924 1003">
    <p class='ocr_par' dir='ltr' id='par_1_3' title="bbox 345 931 1924 1003">
     <span class='ocr_line' id='line_1_11' title="bbox 345 931 1924 1003; baseline -0.001 -14"><span class='ocrx_word' id='word_1_89' title='bbox 345 948 500 990; x_wconf 84' lang='lat' dir='ltr'>riorem</span> <span class='ocrx_word' id='word_1_90' title='bbox 537 949 843 989; x_wconf 89' lang='lat' dir='ltr'>sententiarum</span> <span class='ocrx_word' id='word_1_91' title='bbox 879 953 1043 1003; x_wconf 87' lang='lat' dir='ltr'>partem</span> <span class='ocrx_word' id='word_1_92' title='bbox 1074 946 1190 1001; x_wconf 63' lang='lat' dir='ltr'>(N-</span> <span class='ocrx_word' id='word_1_93' title='bbox 1203 946 1266 1002; x_wconf 88' lang='lat' dir='ltr'>V)</span> <span class='ocrx_word' id='word_1_94' title='bbox 1297 947 1580 1003; x_wconf 89' lang='lat' dir='ltr'>compositum</span> <span class='ocrx_word' id='word_1_95' title='bbox 1608 945 1741 988; x_wconf 83' lang='lat' dir='ltr'>fuisse</span> <span class='ocrx_word' id='word_1_96' title='bbox 1770 935 1852 987; x_wconf 40' lang='lat' dir='ltr'>sus</span> <span class='ocrx_word' id='word_1_97' title='bbox 1910 931 1924 941; x_wconf 39' lang='lat'>²</span> 
     </span>
    </p>
   </div>
   <div class='ocr_carea' id='block_1_4' title="bbox 346 1011 1839 1269">
    <p class='ocr_par' dir='ltr' id='par_1_4' title="bbox 346 1011 1839 1069">
     <span class='ocr_line' id='line_1_12' title="bbox 346 1011 1839 1069; baseline -0.001 -14"><span class='ocrx_word' id='word_1_98' title='bbox 346 1014 555 1069; x_wconf 86' lang='lat' dir='ltr'>spicetur,</span> <span class='ocrx_word' id='word_1_99' title='bbox 591 1013 848 1055; x_wconf 89' lang='lat' dir='ltr'>monendum</span> <span class='ocrx_word' id='word_1_100' title='bbox 879 1019 943 1054; x_wconf 83' lang='lat' dir='ltr'>est</span> <span class='ocrx_word' id='word_1_101' title='bbox 971 1011 1126 1054; x_wconf 86' lang='lat' dir='ltr'>multas</span> <span class='ocrx_word' id='word_1_102' title='bbox 1156 1011 1261 1056; x_wconf 86' lang='lat' dir='ltr'>alias</span> <span class='ocrx_word' id='word_1_103' title='bbox 1291 1012 1455 1066; x_wconf 88' lang='lat' dir='ltr'>inesse,</span> <span class='ocrx_word' id='word_1_104' title='bbox 1496 1026 1673 1069; x_wconf 89' lang='lat' dir='ltr'>quarum</span> <span class='ocrx_word' id='word_1_105' title='bbox 1701 1011 1839 1068; x_wconf 86' lang='lat' dir='ltr'>prima</span> 
     </span>
    </p>

    <p class='ocr_par' dir='ltr' id='par_1_5' title="bbox 347 1078 1838 1203">
     <span class='ocr_line' id='line_1_13' title="bbox 347 1078 1751 1136; baseline -0.001 -16"><span class='ocrx_word' id='word_1_106' title='bbox 347 1080 718 1136; x_wconf 79' lang='lat' dir='ltr'>vcrbaincipiunt</span> <span class='ocrx_word' id='word_1_107' title='bbox 745 1094 771 1121; x_wconf 88' lang='lat' dir='ltr'>a</span> <span class='ocrx_word' id='word_1_108' title='bbox 800 1079 955 1121; x_wconf 87' lang='lat' dir='ltr'>litteris</span> <span class='ocrx_word' id='word_1_109' title='bbox 986 1078 1150 1120; x_wconf 75' lang='lat' dir='ltr'><strong><em>A——M</em></strong></span> <span class='ocrx_word' id='word_1_110' title='bbox 1739 1078 1751 1085; x_wconf 82' lang='grc'><strong>”</strong></span> 
     </span>
     <span class='ocr_line' id='line_1_14' title="bbox 458 1144 1838 1203; baseline -0.001 -15"><span class='ocrx_word' id='word_1_111' title='bbox 458 1146 544 1189; x_wconf 88' lang='lat' dir='ltr'>Sed</span> <span class='ocrx_word' id='word_1_112' title='bbox 583 1147 784 1203; x_wconf 90' lang='lat' dir='ltr'>quamdiu</span> <span class='ocrx_word' id='word_1_113' title='bbox 820 1145 899 1187; x_wconf 90' lang='lat' dir='ltr'>hae</span> <span class='ocrx_word' id='word_1_114' title='bbox 928 1144 1037 1186; x_wconf 85' lang='lat' dir='ltr'>duae</span> <span class='ocrx_word' id='word_1_115' title='bbox 1066 1144 1392 1201; x_wconf 88' lang='lat' dir='ltr'>proverbiorum</span> <span class='ocrx_word' id='word_1_116' title='bbox 1421 1144 1689 1187; x_wconf 84' lang='lat' dir='ltr'>collectiones</span> <span class='ocrx_word' id='word_1_117' title='bbox 1719 1158 1838 1202; x_wconf 84' lang='lat' dir='ltr'>sepa·</span> 
     </span>
    </p>

    <p class='ocr_par' dir='ltr' id='par_1_6' title="bbox 348 1204 1839 1269">
     <span class='ocr_line' id='line_1_15' title="bbox 348 1204 1839 1269; baseline 0.001 -17"><span class='ocrx_word' id='word_1_118' title='bbox 348 1213 473 1253; x_wconf 83' lang='lat' dir='ltr'>ratim</span> <span class='ocrx_word' id='word_1_119' title='bbox 509 1204 882 1265; x_wconf 81' lang='lat' dir='ltr'>describebantur,</span> <span class='ocrx_word' id='word_1_120' title='bbox 919 1210 1054 1253; x_wconf 87' lang='lat' dir='ltr'>altera</span> <span class='ocrx_word' id='word_1_121' title='bbox 1089 1226 1222 1268; x_wconf 86' lang='lat' dir='ltr'>prave</span> <span class='ocrx_word' id='word_1_122' title='bbox 1258 1211 1444 1254; x_wconf 85' lang='lat' dir='ltr'>Senecae</span> <span class='ocrx_word' id='word_1_123' title='bbox 1479 1212 1707 1269; x_wconf 84' lang='lat' dir='ltr'>inscripta,</span> <span class='ocrx_word' id='word_1_124' title='bbox 1736 1213 1839 1254; x_wconf 61' lang='lat' dir='ltr'>‘cum</span> 
     </span>
    </p>
   </div>
   <div class='ocr_carea' id='block_1_5' title="bbox 348 1269 1934 1335">
    <p class='ocr_par' dir='ltr' id='par_1_7' title="bbox 348 1269 1934 1335">
     <span class='ocr_line' id='line_1_16' title="bbox 348 1269 1934 1335; baseline 0.001 -17"><span class='ocrx_word' id='word_1_125' title='bbox 348 1284 460 1318; x_wconf 86' lang='lat' dir='ltr'>esset</span> <span class='ocrx_word' id='word_1_126' title='bbox 489 1277 731 1319; x_wconf 87' lang='lat' dir='ltr'>Publiliana</span> <span class='ocrx_word' id='word_1_127' title='bbox 769 1291 902 1333; x_wconf 88' lang='lat' dir='ltr'>eaque</span> <span class='ocrx_word' id='word_1_128' title='bbox 938 1291 1014 1333; x_wconf 88' lang='lat' dir='ltr'>per</span> <span class='ocrx_word' id='word_1_129' title='bbox 1049 1277 1242 1327; x_wconf 85' lang='lat' dir='ltr'>ordinem</span> <span class='ocrx_word' id='word_1_130' title='bbox 1279 1277 1519 1319; x_wconf 88' lang='lat' dir='ltr'>litterarum</span> <span class='ocrx_word' id='word_1_131' title='bbox 1556 1277 1765 1335; x_wconf 84' lang='lat' dir='ltr'>disposita</span> <span class='ocrx_word' id='word_1_132' title='bbox 1799 1283 1842 1320; x_wconf 82' lang='lat' dir='ltr'>et</span> <span class='ocrx_word' id='word_1_133' title='bbox 1923 1269 1934 1323; x_wconf 49' lang='lat' dir='ltr'><em>f</em></span> 
     </span>
    </p>
   </div>
   <div class='ocr_carea' id='block_1_6' title="bbox 347 1342 1841 1401">
    <p class='ocr_par' dir='ltr' id='par_1_8' title="bbox 347 1342 1841 1401">
     <span class='ocr_line' id='line_1_17' title="bbox 347 1342 1841 1401; baseline 0.002 -18"><span class='ocrx_word' id='word_1_134' title='bbox 347 1343 508 1384; x_wconf 91' lang='lat' dir='ltr'>homini</span> <span class='ocrx_word' id='word_1_135' title='bbox 543 1344 614 1385; x_wconf 88' lang='lat' dir='ltr'>vel</span> <span class='ocrx_word' id='word_1_136' title='bbox 650 1343 804 1386; x_wconf 88' lang='lat' dir='ltr'>leviter</span> <span class='ocrx_word' id='word_1_137' title='bbox 838 1343 994 1385; x_wconf 89' lang='lat' dir='ltr'>litteris</span> <span class='ocrx_word' id='word_1_138' title='bbox 1031 1343 1194 1386; x_wconf 91' lang='lat' dir='ltr'>imbuto</span> <span class='ocrx_word' id='word_1_139' title='bbox 1231 1342 1468 1386; x_wconf 86' lang='lat' dir='ltr'>iamborum</span> <span class='ocrx_word' id='word_1_140' title='bbox 1503 1345 1614 1387; x_wconf 88' lang='lat' dir='ltr'>ictus</span> <span class='ocrx_word' id='word_1_141' title='bbox 1642 1344 1841 1401; x_wconf 84' lang='lat' dir='ltr'>prodens,</span> 
     </span>
    </p>
   </div>
   <div class='ocr_carea' id='block_1_7' title="bbox 347 1403 1920 1466">
    <p class='ocr_par' dir='ltr' id='par_1_9' title="bbox 347 1403 1934 1466">
     <span class='ocr_line' id='line_1_18' title="bbox 347 1403 1920 1466; baseline 0.001 -16"><span class='ocrx_word' id='word_1_142' title='bbox 347 1408 482 1450; x_wconf 88' lang='lat' dir='ltr'>altera</span> <span class='ocrx_word' id='word_1_143' title='bbox 517 1409 571 1451; x_wconf 89' lang='lat' dir='ltr'>ad</span> <span class='ocrx_word' id='word_1_144' title='bbox 609 1410 800 1453; x_wconf 87' lang='lat' dir='ltr'>ordinem</span> <span class='ocrx_word' id='word_1_145' title='bbox 837 1409 1103 1464; x_wconf 88' lang='lat' dir='ltr'>dialogorum</span> <span class='ocrx_word' id='word_1_146' title='bbox 1133 1403 1321 1452; x_wconf 75' lang='lat' dir='ltr'>Senecae</span> <span class='ocrx_word' id='word_1_147' title='bbox 1350 1409 1553 1465; x_wconf 77' lang='lat' dir='ltr'>digesta,</span> <span class='ocrx_word' id='word_1_148' title='bbox 1577 1410 1841 1466; x_wconf 82' lang='lat' dir='ltr'>longioribus</span> <span class='ocrx_word' id='word_1_149' title='bbox 1916 1455 1920 1458; x_wconf 56' lang='grc'>,</span> 
     </span>
    </p>
   </div>
   <div class='ocr_carea' id='block_1_8' title="bbox 349 1476 1843 1666">
    <p class='ocr_par' dir='ltr' id='par_1_10' title="bbox 349 1476 1843 1666">
     <span class='ocr_line' id='line_1_19' title="bbox 350 1476 1841 1535; baseline 0.002 -20"><span class='ocrx_word' id='word_1_150' title='bbox 350 1476 580 1517; x_wconf 88' lang='lat' dir='ltr'>enuntiatis</span> <span class='ocrx_word' id='word_1_151' title='bbox 617 1477 826 1532; x_wconf 88' lang='lat' dir='ltr'>originem</span> <span class='ocrx_word' id='word_1_152' title='bbox 864 1476 1105 1533; x_wconf 84' lang='lat' dir='ltr'>pedestrem</span> <span class='ocrx_word' id='word_1_153' title='bbox 1135 1490 1237 1532; x_wconf 90' lang='lat' dir='ltr'>prae</span> <span class='ocrx_word' id='word_1_154' title='bbox 1267 1491 1312 1518; x_wconf 87' lang='lat' dir='ltr'>se</span> <span class='ocrx_word' id='word_1_155' title='bbox 1341 1476 1498 1530; x_wconf 88' lang='lat' dir='ltr'>ferens,</span> <span class='ocrx_word' id='word_1_156' title='bbox 1541 1476 1719 1519; x_wconf 91' lang='lat' dir='ltr'>Publilii</span> <span class='ocrx_word' id='word_1_157' title='bbox 1748 1491 1841 1535; x_wconf 85' lang='lat' dir='ltr'>sen-</span> 
     </span>
     <span class='ocr_line' id='line_1_20' title="bbox 350 1541 1841 1600; baseline 0.002 -18"><span class='ocrx_word' id='word_1_158' title='bbox 350 1541 508 1583; x_wconf 85' lang='lat' dir='ltr'>tentiae</span> <span class='ocrx_word' id='word_1_159' title='bbox 543 1542 599 1583; x_wconf 89' lang='lat' dir='ltr'>ab</span> <span class='ocrx_word' id='word_1_160' title='bbox 638 1542 977 1599; x_wconf 85' lang='lat' dir='ltr'>interpolationis</span> <span class='ocrx_word' id='word_1_161' title='bbox 1015 1542 1174 1584; x_wconf 88' lang='lat' dir='ltr'>iniuria</span> <span class='ocrx_word' id='word_1_162' title='bbox 1211 1542 1573 1585; x_wconf 84' lang='lat' dir='ltr'>defendebantur:</span> <span class='ocrx_word' id='word_1_163' title='bbox 1613 1542 1690 1585; x_wconf 88' lang='lat' dir='ltr'>sed</span> <span class='ocrx_word' id='word_1_164' title='bbox 1724 1549 1841 1600; x_wconf 88' lang='lat' dir='ltr'>pate-</span> 
     </span>
     <span class='ocr_line' id='line_1_21' title="bbox 349 1607 1843 1666; baseline 0.003 -18"><span class='ocrx_word' id='word_1_165' title='bbox 349 1607 462 1649; x_wconf 84' lang='lat' dir='ltr'>facta</span> <span class='ocrx_word' id='word_1_166' title='bbox 492 1614 570 1662; x_wconf 88' lang='lat' dir='ltr'>est,</span> <span class='ocrx_word' id='word_1_167' title='bbox 599 1614 647 1651; x_wconf 90' lang='lat' dir='ltr'>ut</span> <span class='ocrx_word' id='word_1_168' title='bbox 675 1610 736 1650; x_wconf 85' lang='lat' dir='ltr'>ait</span> <span class='ocrx_word' id='word_1_169' title='bbox 765 1609 1004 1662; x_wconf 83' lang='lat' dir='ltr'>Terentius,</span> <span class='ocrx_word' id='word_1_170' title='bbox 1026 1608 1212 1650; x_wconf 85' lang='lat' dir='ltr'>fenestra</span> <span class='ocrx_word' id='word_1_171' title='bbox 1240 1608 1366 1662; x_wconf 89' lang='lat' dir='ltr'>malo,</span> <span class='ocrx_word' id='word_1_172' title='bbox 1387 1608 1565 1651; x_wconf 86' lang='lat' dir='ltr'>simulac</span> <span class='ocrx_word' id='word_1_173' title='bbox 1595 1610 1742 1652; x_wconf 85' lang='lat' dir='ltr'>extitit</span> <span class='ocrx_word' id='word_1_174' title='bbox 1770 1610 1843 1666; x_wconf 88' lang='lat' dir='ltr'>qui</span> 
     </span>
    </p>
   </div>
   <div class='ocr_carea' id='block_1_9' title="bbox 349 1674 1844 1732">
    <p class='ocr_par' dir='ltr' id='par_1_11' title="bbox 349 1674 1929 1732">
     <span class='ocr_line' id='line_1_22' title="bbox 349 1674 1844 1732; baseline 0.003 -18"><span class='ocrx_word' id='word_1_175' title='bbox 349 1674 597 1716; x_wconf 84' lang='lat' dir='ltr'>recentioris</span> <span class='ocrx_word' id='word_1_176' title='bbox 635 1675 864 1730; x_wconf 87' lang='lat' dir='ltr'>farraginis</span> <span class='ocrx_word' id='word_1_177' title='bbox 901 1675 1135 1717; x_wconf 88' lang='lat' dir='ltr'>sententias</span> <span class='ocrx_word' id='word_1_178' title='bbox 1172 1675 1219 1716; x_wconf 90' lang='lat' dir='ltr'>in</span> <span class='ocrx_word' id='word_1_179' title='bbox 1254 1675 1430 1718; x_wconf 89' lang='lat' dir='ltr'>brevius</span> <span class='ocrx_word' id='word_1_180' title='bbox 1469 1676 1683 1732; x_wconf 88' lang='lat' dir='ltr'>redigeret</span> <span class='ocrx_word' id='word_1_181' title='bbox 1718 1682 1760 1718; x_wconf 87' lang='lat' dir='ltr'>et</span> <span class='ocrx_word' id='word_1_182' title='bbox 1788 1675 1844 1717; x_wconf 89' lang='lat' dir='ltr'>ad</span> 
     </span>
    </p>
   </div>
   <div class='ocr_carea' id='block_1_10' title="bbox 350 1740 1846 1798">
    <p class='ocr_par' dir='ltr' id='par_1_12' title="bbox 350 1740 1846 1798">
     <span class='ocr_line' id='line_1_23' title="bbox 350 1740 1846 1798; baseline 0.002 -17"><span class='ocrx_word' id='word_1_183' title='bbox 350 1740 587 1783; x_wconf 88' lang='lat' dir='ltr'>litterarum</span> <span class='ocrx_word' id='word_1_184' title='bbox 616 1742 809 1784; x_wconf 89' lang='lat' dir='ltr'>ordinem</span> <span class='ocrx_word' id='word_1_185' title='bbox 838 1742 1096 1798; x_wconf 87' lang='lat' dir='ltr'>disponeret.</span> <span class='ocrx_word' id='word_1_186' title='bbox 1155 1740 1297 1784; x_wconf 90' lang='lat' dir='ltr'>Huius</span> <span class='ocrx_word' id='word_1_187' title='bbox 1318 1741 1454 1784; x_wconf 90' lang='lat' dir='ltr'>libelli</span> <span class='ocrx_word' id='word_1_188' title='bbox 1473 1743 1693 1785; x_wconf 86' lang='lat' dir='ltr'>retractati</span> <span class='ocrx_word' id='word_1_189' title='bbox 1713 1757 1763 1784; x_wconf 89' lang='lat' dir='ltr'>ea</span> <span class='ocrx_word' id='word_1_190' title='bbox 1781 1748 1846 1784; x_wconf 89' lang='lat' dir='ltr'>cst</span> 
     </span>
    </p>
   </div>
   <div class='ocr_carea' id='block_1_11' title="bbox 351 1795 1934 1998">
    <p class='ocr_par' dir='ltr' id='par_1_13' title="bbox 351 1795 1934 1998">
     <span class='ocr_line' id='line_1_24' title="bbox 352 1795 1927 1870; baseline 0.003 -23"><span class='ocrx_word' id='word_1_191' title='bbox 352 1813 530 1849; x_wconf 84' lang='lat' dir='ltr'>externa</span> <span class='ocrx_word' id='word_1_192' title='bbox 566 1809 751 1863; x_wconf 87' lang='lat' dir='ltr'>species,</span> <span class='ocrx_word' id='word_1_193' title='bbox 789 1815 837 1850; x_wconf 91' lang='lat' dir='ltr'>ut</span> <span class='ocrx_word' id='word_1_194' title='bbox 872 1808 1052 1864; x_wconf 90' lang='lat' dir='ltr'>incipiat</span> <span class='ocrx_word' id='word_1_195' title='bbox 1079 1822 1105 1849; x_wconf 88' lang='lat' dir='ltr'>a</span> <span class='ocrx_word' id='word_1_196' title='bbox 1134 1809 1363 1870; x_wconf 86' lang='lat' dir='ltr'>sententia:</span> <span class='ocrx_word' id='word_1_197' title='bbox 1405 1808 1557 1851; x_wconf 78' lang='lat' dir='ltr'>Avida</span> <span class='ocrx_word' id='word_1_198' title='bbox 1585 1812 1641 1850; x_wconf 81' lang='lat' dir='ltr'>est</span> <span class='ocrx_word' id='word_1_199' title='bbox 1670 1809 1846 1863; x_wconf 76' lang='lat' dir='ltr'>periculi</span> <span class='ocrx_word' id='word_1_200' title='bbox 1915 1795 1927 1865; x_wconf 44' lang='lat' dir='ltr'><strong><em>f</em></strong></span> 
     </span>
     <span class='ocr_line' id='line_1_25' title="bbox 351 1873 1923 1931; baseline 0.001 -15"><span class='ocrx_word' id='word_1_201' title='bbox 351 1874 483 1916; x_wconf 73' lang='lat' dir='ltr'>virtus</span> <span class='ocrx_word' id='word_1_202' title='bbox 512 1874 586 1927; x_wconf 90' lang='lat'>(=</span> <span class='ocrx_word' id='word_1_203' title='bbox 614 1873 668 1915; x_wconf 92' lang='lat' dir='ltr'>de</span> <span class='ocrx_word' id='word_1_204' title='bbox 697 1874 864 1931; x_wconf 89' lang='lat' dir='ltr'>provid.</span> <span class='ocrx_word' id='word_1_205' title='bbox 897 1875 945 1929; x_wconf 86' lang='lat'>4,</span> <span class='ocrx_word' id='word_1_206' title='bbox 977 1874 1050 1930; x_wconf 87' lang='lat'>4),</span> <span class='ocrx_word' id='word_1_207' title='bbox 1091 1874 1260 1916; x_wconf 90' lang='lat' dir='ltr'>desinat</span> <span class='ocrx_word' id='word_1_208' title='bbox 1296 1875 1342 1916; x_wconf 90' lang='lat' dir='ltr'>in</span> <span class='ocrx_word' id='word_1_209' title='bbox 1370 1874 1504 1916; x_wconf 88' lang='lat' dir='ltr'>verba</span> <span class='ocrx_word' id='word_1_210' title='bbox 1539 1874 1581 1918; x_wconf 87' lang='lat' dir='ltr'><em>U</em></span> <span class='ocrx_word' id='word_1_211' title='bbox 1588 1875 1725 1918; x_wconf 63' lang='lat' dir='ltr'>ltionis</span> <span class='ocrx_word' id='word_1_212' title='bbox 1753 1889 1845 1918; x_wconf 79' lang='lat' dir='ltr'>cou-</span> <span class='ocrx_word' id='word_1_213' title='bbox 1915 1903 1923 1914; x_wconf 85' lang='lat'>.-</span> 
     </span>
     <span class='ocr_line' id='line_1_26' title="bbox 352 1940 1934 1998; baseline 0.001 -16"><span class='ocrx_word' id='word_1_214' title='bbox 352 1941 606 1982; x_wconf 70' lang='lat' dir='ltr'>tumeliosum</span> <span class='ocrx_word' id='word_1_215' title='bbox 631 1955 760 1995; x_wconf 67' lang='lat' dir='ltr'>ymas</span> <span class='ocrx_word' id='word_1_216' title='bbox 787 1945 854 1987; x_wconf 80' lang='lat' dir='ltr'>etc.</span> <span class='ocrx_word' id='word_1_217' title='bbox 887 1941 961 1997; x_wconf 90' lang='lat'>(=</span> <span class='ocrx_word' id='word_1_218' title='bbox 990 1940 1044 1982; x_wconf 91' lang='lat' dir='ltr'>de</span> <span class='ocrx_word' id='word_1_219' title='bbox 1072 1941 1136 1982; x_wconf 88' lang='lat' dir='ltr'>ira</span> <span class='ocrx_word' id='word_1_220' title='bbox 1163 1941 1211 1995; x_wconf 83' lang='lat'>2,</span> <span class='ocrx_word' id='word_1_221' title='bbox 1242 1941 1318 1994; x_wconf 84' lang='lat'>32,</span> <span class='ocrx_word' id='word_1_222' title='bbox 1349 1941 1416 1998; x_wconf 88' lang='grc'>3),</span> <span class='ocrx_word' id='word_1_223' title='bbox 1447 1941 1576 1983; x_wconf 82' lang='lat' dir='ltr'>sicuti</span> <span class='ocrx_word' id='word_1_224' title='bbox 1606 1947 1670 1983; x_wconf 88' lang='lat' dir='ltr'>est</span> <span class='ocrx_word' id='word_1_225' title='bbox 1700 1942 1846 1984; x_wconf 89' lang='lat' dir='ltr'>videre</span> <span class='ocrx_word' id='word_1_226' title='bbox 1922 1955 1934 1979; x_wconf 67' lang='lat'>5</span> 
     </span>
    </p>
   </div>
   <div class='ocr_carea' id='block_1_12' title="bbox 353 2006 1847 2064">
    <p class='ocr_par' dir='ltr' id='par_1_14' title="bbox 353 2006 1847 2064">
     <span class='ocr_line' id='line_1_27' title="bbox 353 2006 1847 2064; baseline 0.002 -17"><span class='ocrx_word' id='word_1_227' title='bbox 353 2020 407 2047; x_wconf 87' lang='lat' dir='ltr'>cx</span> <span class='ocrx_word' id='word_1_228' title='bbox 444 2006 664 2048; x_wconf 89' lang='lat' dir='ltr'>codicibus</span> <span class='ocrx_word' id='word_1_229' title='bbox 694 2007 899 2050; x_wconf 85' lang='lat' dir='ltr'>Parisinis</span> <span class='ocrx_word' id='word_1_230' title='bbox 928 2006 1052 2049; x_wconf 86' lang='lat'><strong>6385.</strong></span> <span class='ocrx_word' id='word_1_231' title='bbox 1082 2007 1205 2049; x_wconf 84' lang='lat'><strong>6631.</strong></span> <span class='ocrx_word' id='word_1_232' title='bbox 1263 2007 1376 2048; x_wconf 91' lang='lat' dir='ltr'>Vere</span> <span class='ocrx_word' id='word_1_233' title='bbox 1416 2006 1590 2064; x_wconf 90' lang='lat' dir='ltr'>quidem</span> <span class='ocrx_word' id='word_1_234' title='bbox 1624 2008 1670 2049; x_wconf 92' lang='lat' dir='ltr'>in</span> <span class='ocrx_word' id='word_1_235' title='bbox 1699 2007 1847 2050; x_wconf 89' lang='lat' dir='ltr'>codice</span> 
     </span>
    </p>
   </div>
   <div class='ocr_carea' id='block_1_13' title="bbox 351 2072 1925 2262">
    <p class='ocr_par' dir='ltr' id='par_1_15' title="bbox 351 2060 1933 2262">
     <span class='ocr_line' id='line_1_28' title="bbox 354 2072 1848 2127; baseline 0 -13"><span class='ocrx_word' id='word_1_236' title='bbox 354 2072 464 2115; x_wconf 84' lang='lat'>8545</span> <span class='ocrx_word' id='word_1_237' title='bbox 491 2073 742 2115; x_wconf 89' lang='lat' dir='ltr'>adnotatum</span> <span class='ocrx_word' id='word_1_238' title='bbox 772 2079 856 2115; x_wconf 88' lang='lat' dir='ltr'>est:</span> <span class='ocrx_word' id='word_1_239' title='bbox 887 2073 973 2116; x_wconf 76' lang='lat' dir='ltr'>Hie</span> <span class='ocrx_word' id='word_1_240' title='bbox 999 2077 1096 2116; x_wconf 76' lang='lat' dir='ltr'>suut</span> <span class='ocrx_word' id='word_1_241' title='bbox 1124 2074 1212 2116; x_wconf 82' lang='lat' dir='ltr'>alia</span> <span class='ocrx_word' id='word_1_242' title='bbox 1234 2075 1456 2127; x_wconf 71' lang='lat' dir='ltr'>&#39;proverbia</span> <span class='ocrx_word' id='word_1_243' title='bbox 1475 2074 1661 2116; x_wconf 65' lang='lat' dir='ltr'>Sevoecae.</span> <span class='ocrx_word' id='word_1_244' title='bbox 1705 2074 1848 2117; x_wconf 75' lang='lat' dir='ltr'>Avida</span> 
     </span>
     <span class='ocr_line' id='line_1_29' title="bbox 354 2139 1925 2196; baseline 0 -15"><span class='ocrx_word' id='word_1_245' title='bbox 354 2142 412 2181; x_wconf 76' lang='lat' dir='ltr'>est</span> <span class='ocrx_word' id='word_1_246' title='bbox 438 2142 505 2181; x_wconf 79' lang='lat' dir='ltr'>ete.</span> <span class='ocrx_word' id='word_1_247' title='bbox 536 2139 666 2182; x_wconf 90' lang='lat' dir='ltr'>immo</span> <span class='ocrx_word' id='word_1_248' title='bbox 700 2140 746 2180; x_wconf 92' lang='lat' dir='ltr'>in</span> <span class='ocrx_word' id='word_1_249' title='bbox 781 2140 927 2182; x_wconf 89' lang='lat' dir='ltr'>codice</span> <span class='ocrx_word' id='word_1_250' title='bbox 956 2139 1066 2181; x_wconf 84' lang='lat'>8546</span> <span class='ocrx_word' id='word_1_251' title='bbox 1096 2145 1297 2196; x_wconf 88' lang='lat' dir='ltr'>quattuor</span> <span class='ocrx_word' id='word_1_252' title='bbox 1325 2139 1528 2196; x_wconf 87' lang='lat' dir='ltr'>opuscula</span> <span class='ocrx_word' id='word_1_253' title='bbox 1556 2141 1665 2182; x_wconf 87' lang='lat' dir='ltr'>bene</span> <span class='ocrx_word' id='word_1_254' title='bbox 1694 2140 1847 2183; x_wconf 86' lang='lat' dir='ltr'>distin·</span> <span class='ocrx_word' id='word_1_255' title='bbox 1924 2150 1925 2154; x_wconf 77' lang='grc'>’</span> 
     </span>
     <span class='ocr_line' id='line_1_30' title="bbox 351 2205 1924 2262; baseline 0.002 -16"><span class='ocrx_word' id='word_1_256' title='bbox 351 2211 559 2262; x_wconf 75' lang='lat' dir='ltr'>guuntur,</span> <span class='ocrx_word' id='word_1_257' title='bbox 596 2206 696 2248; x_wconf 83' lang='lat' dir='ltr'>liber</span> <span class='ocrx_word' id='word_1_258' title='bbox 730 2207 779 2248; x_wconf 88' lang='lat' dir='ltr'>de</span> <span class='ocrx_word' id='word_1_259' title='bbox 806 2207 1006 2257; x_wconf 76' lang='lat' dir='ltr'>moribus,</span> <span class='ocrx_word' id='word_1_260' title='bbox 1036 2207 1258 2260; x_wconf 74' lang='lat' dir='ltr'>proverbia</span> <span class='ocrx_word' id='word_1_261' title='bbox 1287 2205 1459 2248; x_wconf 74' lang='lat' dir='ltr'>Senecae</span> <span class='ocrx_word' id='word_1_262' title='bbox 1495 2206 1710 2262; x_wconf 83' lang='lat' dir='ltr'>(metrica,</span> <span class='ocrx_word' id='word_1_263' title='bbox 1749 2207 1778 2248; x_wconf 91' lang='lat' dir='ltr'>i.</span> <span class='ocrx_word' id='word_1_264' title='bbox 1809 2221 1844 2250; x_wconf 87' lang='lat' dir='ltr'>e.</span> <span class='ocrx_word' id='word_1_265' title='bbox 1920 2210 1924 2211; x_wconf 47' lang='lat'><em>⁷</em></span> 
     </span>
    </p>
   </div>
   <div class='ocr_carea' id='block_1_14' title="bbox 353 2270 1842 2328">
    <p class='ocr_par' dir='ltr' id='par_1_16' title="bbox 353 2270 1842 2328">
     <span class='ocr_line' id='line_1_31' title="bbox 353 2270 1842 2328; baseline 0.002 -16"><span class='ocrx_word' id='word_1_266' title='bbox 353 2270 531 2313; x_wconf 91' lang='lat' dir='ltr'>Publilii</span> <span class='ocrx_word' id='word_1_267' title='bbox 550 2273 820 2328; x_wconf 87' lang='lat' dir='ltr'>sententiae),</span> <span class='ocrx_word' id='word_1_268' title='bbox 850 2273 1088 2326; x_wconf 75' lang='lat' dir='ltr'>‘parabolae</span> <span class='ocrx_word' id='word_1_269' title='bbox 1108 2271 1281 2314; x_wconf 79' lang='lat' dir='ltr'>Senecae</span> <span class='ocrx_word' id='word_1_270' title='bbox 1305 2273 1550 2327; x_wconf 55' lang='lat' dir='ltr'>philosoph?</span> <span class='ocrx_word' id='word_1_271' title='bbox 1581 2272 1681 2315; x_wconf 80' lang='lat' dir='ltr'>Non</span> <span class='ocrx_word' id='word_1_272' title='bbox 1707 2287 1842 2326; x_wconf 78' lang='lat' dir='ltr'>quem-</span> 
     </span>
    </p>
   </div>
   <div class='ocr_carea' id='block_1_15' title="bbox 354 2333 1927 2595">
    <p class='ocr_par' dir='ltr' id='par_1_17' title="bbox 354 2333 1927 2595">
     <span class='ocr_line' id='line_1_32' title="bbox 354 2333 1927 2395; baseline 0.001 -16"><span class='ocrx_word' id='word_1_273' title='bbox 354 2338 576 2380; x_wconf 81' lang='lat' dir='ltr'>admodum</span> <span class='ocrx_word' id='word_1_274' title='bbox 616 2339 729 2390; x_wconf 82' lang='lat' dir='ltr'>seras</span> <span class='ocrx_word' id='word_1_275' title='bbox 771 2340 935 2381; x_wconf 71' lang='lat' dir='ltr'>interest</span> <span class='ocrx_word' id='word_1_276' title='bbox 970 2341 1038 2380; x_wconf 77' lang='lat' dir='ltr'>ete.</span> <span class='ocrx_word' id='word_1_277' title='bbox 1080 2337 1264 2395; x_wconf 88' lang='lat' dir='ltr'>denique</span> <span class='ocrx_word' id='word_1_278' title='bbox 1303 2338 1499 2380; x_wconf 69' lang='lat' dir='ltr'>veiusdem</span> <span class='ocrx_word' id='word_1_279' title='bbox 1542 2337 1678 2381; x_wconf 89' lang='lat' dir='ltr'>libelli</span> <span class='ocrx_word' id='word_1_280' title='bbox 1714 2337 1848 2381; x_wconf 80' lang='lat' dir='ltr'>altera</span> <span class='ocrx_word' id='word_1_281' title='bbox 1926 2333 1927 2336; x_wconf 30' lang='lat'>¹</span> 
     </span>
     <span class='ocr_line' id='line_1_33' title="bbox 357 2403 1924 2465; baseline 0.002 -20"><span class='ocrx_word' id='word_1_282' title='bbox 357 2403 488 2446; x_wconf 90' lang='lat' dir='ltr'>editio</span> <span class='ocrx_word' id='word_1_283' title='bbox 519 2403 676 2446; x_wconf 79' lang='lat' dir='ltr'>‘Avida</span> <span class='ocrx_word' id='word_1_284' title='bbox 704 2408 762 2447; x_wconf 78' lang='lat' dir='ltr'>est</span> <span class='ocrx_word' id='word_1_285' title='bbox 781 2405 959 2459; x_wconf 77' lang='lat' dir='ltr'>periculi</span> <span class='ocrx_word' id='word_1_286' title='bbox 986 2406 1118 2447; x_wconf 79' lang='lat' dir='ltr'>virtus</span> <span class='ocrx_word' id='word_1_287' title='bbox 1146 2408 1233 2447; x_wconf 62' lang='lat' dir='ltr'>etc!</span> <span class='ocrx_word' id='word_1_288' title='bbox 1290 2404 1451 2464; x_wconf 88' lang='lat' dir='ltr'>Verum</span> <span class='ocrx_word' id='word_1_289' title='bbox 1481 2407 1556 2462; x_wconf 91' lang='lat' dir='ltr'>qui</span> <span class='ocrx_word' id='word_1_290' title='bbox 1583 2411 1733 2462; x_wconf 82' lang='lat' dir='ltr'>postea</span> <span class='ocrx_word' id='word_1_291' title='bbox 1752 2420 1847 2462; x_wconf 90' lang='lat' dir='ltr'>pro·</span> <span class='ocrx_word' id='word_1_292' title='bbox 1869 2443 1882 2465; x_wconf 29' lang='grc' dir='ltr'>ζ</span> <span class='ocrx_word' id='word_1_293' title='bbox 1919 2405 1924 2449; x_wconf 71' lang='lat'><em>3</em></span> 
     </span>
     <span class='ocr_line' id='line_1_34' title="bbox 357 2470 1927 2528; baseline 0.002 -17"><span class='ocrx_word' id='word_1_294' title='bbox 357 2470 506 2512; x_wconf 86' lang='lat' dir='ltr'>verbia</span> <span class='ocrx_word' id='word_1_295' title='bbox 535 2470 720 2512; x_wconf 87' lang='lat' dir='ltr'>Senecae</span> <span class='ocrx_word' id='word_1_296' title='bbox 753 2470 1091 2528; x_wconf 86' lang='lat' dir='ltr'>descripserunt,</span> <span class='ocrx_word' id='word_1_297' title='bbox 1128 2470 1245 2513; x_wconf 90' lang='lat' dir='ltr'>haud</span> <span class='ocrx_word' id='word_1_298' title='bbox 1274 2486 1370 2514; x_wconf 88' lang='lat' dir='ltr'>raro</span> <span class='ocrx_word' id='word_1_299' title='bbox 1400 2473 1755 2514; x_wconf 85' lang='lat' dir='ltr'>commiscuerunt</span> <span class='ocrx_word' id='word_1_300' title='bbox 1783 2471 1847 2514; x_wconf 85' lang='lat' dir='ltr'>di·</span> <span class='ocrx_word' id='word_1_301' title='bbox 1926 2483 1927 2486; x_wconf 73' lang='grc'>’</span> 
     </span>
     <span class='ocr_line' id='line_1_35' title="bbox 356 2536 1924 2595; baseline 0.001 -17"><span class='ocrx_word' id='word_1_302' title='bbox 356 2551 505 2579; x_wconf 86' lang='lat' dir='ltr'>versae</span> <span class='ocrx_word' id='word_1_303' title='bbox 540 2537 788 2594; x_wconf 89' lang='lat' dir='ltr'>propaginis</span> <span class='ocrx_word' id='word_1_304' title='bbox 818 2538 1073 2592; x_wconf 86' lang='lat' dir='ltr'>sententias,</span> <span class='ocrx_word' id='word_1_305' title='bbox 1113 2539 1186 2595; x_wconf 93' lang='lat' dir='ltr'>qui</span> <span class='ocrx_word' id='word_1_306' title='bbox 1216 2552 1286 2592; x_wconf 84' lang='lat' dir='ltr'>eas</span> <span class='ocrx_word' id='word_1_307' title='bbox 1314 2537 1564 2592; x_wconf 88' lang='lat' dir='ltr'>ediderunt,</span> <span class='ocrx_word' id='word_1_308' title='bbox 1599 2538 1701 2580; x_wconf 90' lang='lat' dir='ltr'>hinc</span> <span class='ocrx_word' id='word_1_309' title='bbox 1728 2536 1850 2579; x_wconf 88' lang='lat' dir='ltr'>illinc</span> <span class='ocrx_word' id='word_1_310' title='bbox 1923 2590 1924 2593; x_wconf 11' lang='grc' dir='ltr'><strong>Ἴ</strong></span> 
     </span>
    </p>
   </div>
   <div class='ocr_carea' id='block_1_16' title="bbox 358 2602 1846 2661">
    <p class='ocr_par' dir='ltr' id='par_1_18' title="bbox 358 2602 1846 2661">
     <span class='ocr_line' id='line_1_36' title="bbox 358 2602 1846 2661; baseline 0 -16"><span class='ocrx_word' id='word_1_311' title='bbox 358 2602 681 2660; x_wconf 79' lang='lat' dir='ltr'>qualiacumque</span> <span class='ocrx_word' id='word_1_312' title='bbox 701 2604 888 2660; x_wconf 85' lang='lat' dir='ltr'>arripere</span> <span class='ocrx_word' id='word_1_313' title='bbox 907 2603 1022 2645; x_wconf 89' lang='lat' dir='ltr'>haud</span> <span class='ocrx_word' id='word_1_314' title='bbox 1052 2604 1371 2658; x_wconf 86' lang='lat' dir='ltr'>dubitaverunt,</span> <span class='ocrx_word' id='word_1_315' title='bbox 1402 2603 1632 2648; x_wconf 88' lang='lat' dir='ltr'>dummodo</span> <span class='ocrx_word' id='word_1_316' title='bbox 1653 2603 1739 2646; x_wconf 83' lang='lat' dir='ltr'>sibi</span> <span class='ocrx_word' id='word_1_317' title='bbox 1759 2604 1846 2661; x_wconf 82' lang='lat' dir='ltr'>pla—</span> 
     </span>
    </p>
   </div>
   <div class='ocr_carea' id='block_1_17' title="bbox 358 2669 1919 2727">
    <p class='ocr_par' dir='ltr' id='par_1_19' title="bbox 358 2669 1919 2727">
     <span class='ocr_line' id='line_1_37' title="bbox 358 2669 1919 2727; baseline 0.001 -17"><span class='ocrx_word' id='word_1_318' title='bbox 358 2676 515 2713; x_wconf 88' lang='lat' dir='ltr'>cerent.</span> <span class='ocrx_word' id='word_1_319' title='bbox 572 2669 724 2726; x_wconf 85' lang='lat' dir='ltr'>Itaque</span> <span class='ocrx_word' id='word_1_320' title='bbox 753 2669 977 2712; x_wconf 85' lang='lat' dir='ltr'>molestum</span> <span class='ocrx_word' id='word_1_321' title='bbox 1008 2676 1073 2713; x_wconf 86' lang='lat' dir='ltr'>est</span> <span class='ocrx_word' id='word_1_322' title='bbox 1102 2672 1147 2713; x_wconf 90' lang='lat' dir='ltr'>in</span> <span class='ocrx_word' id='word_1_323' title='bbox 1167 2671 1336 2727; x_wconf 87' lang='lat' dir='ltr'>singula</span> <span class='ocrx_word' id='word_1_324' title='bbox 1354 2671 1583 2727; x_wconf 85' lang='lat' dir='ltr'>inquirere.</span> <span class='ocrx_word' id='word_1_325' title='bbox 1630 2670 1849 2712; x_wconf 86' lang='lat' dir='ltr'>Monuisse</span> <span class='ocrx_word' id='word_1_326' title='bbox 1918 2702 1919 2706; x_wconf 67' lang='lat'>,</span> 
     </span>
    </p>
   </div>
   <div class='ocr_carea' id='block_1_18' title="bbox 359 2731 1918 2926">
    <p class='ocr_par' dir='ltr' id='par_1_20' title="bbox 359 2731 1918 2926">
     <span class='ocr_line' id='line_1_38' title="bbox 359 2731 1918 2795; baseline 0 -17"><span class='ocrx_word' id='word_1_327' title='bbox 359 2737 462 2778; x_wconf 80' lang='lat' dir='ltr'>satis</span> <span class='ocrx_word' id='word_1_328' title='bbox 492 2737 572 2779; x_wconf 91' lang='lat' dir='ltr'>erit</span> <span class='ocrx_word' id='word_1_329' title='bbox 597 2731 957 2793; x_wconf 64' lang='lat' dir='ltr'>&#39;interpolationis&#39;</span> <span class='ocrx_word' id='word_1_330' title='bbox 973 2737 1112 2780; x_wconf 87' lang='lat' dir='ltr'>fontes</span> <span class='ocrx_word' id='word_1_331' title='bbox 1144 2738 1364 2795; x_wconf 78' lang='lat' dir='ltr'>primarios</span> <span class='ocrx_word' id='word_1_332' title='bbox 1394 2737 1529 2780; x_wconf 80' lang='lat' dir='ltr'>fuisse</span> <span class='ocrx_word' id='word_1_333' title='bbox 1556 2737 1848 2780; x_wconf 85' lang='lat' dir='ltr'>Pseudosene-</span> <span class='ocrx_word' id='word_1_334' title='bbox 1902 2743 1918 2767; x_wconf 66' lang='lat' dir='ltr'>‘s</span> 
     </span>
     <span class='ocr_line' id='line_1_39' title="bbox 360 2802 1848 2860; baseline 0.001 -16"><span class='ocrx_word' id='word_1_335' title='bbox 360 2817 452 2844; x_wconf 84' lang='lat' dir='ltr'>cam</span> <span class='ocrx_word' id='word_1_336' title='bbox 487 2802 541 2844; x_wconf 90' lang='lat' dir='ltr'>de</span> <span class='ocrx_word' id='word_1_337' title='bbox 576 2803 787 2856; x_wconf 81' lang='lat' dir='ltr'>moribus,</span> <span class='ocrx_word' id='word_1_338' title='bbox 828 2804 1056 2860; x_wconf 86' lang='lat' dir='ltr'>proverbia</span> <span class='ocrx_word' id='word_1_339' title='bbox 1092 2818 1147 2846; x_wconf 84' lang='lat' dir='ltr'>ex</span> <span class='ocrx_word' id='word_1_340' title='bbox 1184 2804 1369 2847; x_wconf 83' lang='lat' dir='ltr'>Senecae</span> <span class='ocrx_word' id='word_1_341' title='bbox 1411 2802 1594 2858; x_wconf 87' lang='lat' dir='ltr'>dialogis</span> <span class='ocrx_word' id='word_1_342' title='bbox 1631 2809 1848 2860; x_wconf 72' lang='lat' dir='ltr'>excerpta,</span> 
     </span>
     <span class='ocr_line' id='line_1_40' title="bbox 360 2868 1916 2926; baseline 0.001 -16"><span class='ocrx_word' id='word_1_343' title='bbox 360 2869 548 2911; x_wconf 85' lang='lat' dir='ltr'>eiusdem</span> <span class='ocrx_word' id='word_1_344' title='bbox 578 2869 782 2926; x_wconf 89' lang='lat' dir='ltr'>epistulas</span> <span class='ocrx_word' id='word_1_345' title='bbox 809 2884 860 2911; x_wconf 86' lang='lat' dir='ltr'>ac</span> <span class='ocrx_word' id='word_1_346' title='bbox 887 2870 1145 2926; x_wconf 83' lang='lat' dir='ltr'>tragoedias,</span> <span class='ocrx_word' id='word_1_347' title='bbox 1175 2870 1380 2913; x_wconf 85' lang='lat' dir='ltr'>Senecam</span> <span class='ocrx_word' id='word_1_348' title='bbox 1405 2869 1632 2923; x_wconf 89' lang='lat' dir='ltr'>rhetorem,</span> <span class='ocrx_word' id='word_1_349' title='bbox 1663 2868 1848 2912; x_wconf 88' lang='lat' dir='ltr'>Pseudo·</span> <span class='ocrx_word' id='word_1_350' title='bbox 1894 2888 1916 2921; x_wconf 61' lang='lat' dir='ltr'>g</span> 
     </span>
    </p>
   </div>
   <div class='ocr_carea' id='block_1_19' title="bbox 1867 0 1956 3308">
    <p class='ocr_par' dir='ltr' id='par_1_21' title="bbox 1867 0 1956 3308">
     <span class='ocr_line' id='line_1_41' title="bbox 1867 0 1956 3308; baseline 0 0"><span class='ocrx_word' id='word_1_351' title='bbox 1867 0 1956 3308; x_wconf 95' lang='lat' dir='ltr'> </span> 
     </span>
    </p>
   </div>
  </div>
 </body>
</html>
