1956 3308
348 235 428 277 120
862 246 1148 278 senmurum
1179 247 1323 280 rALso

452 346 615 388 Auctor
644 345 779 388 malus
810 345 879 387 vel
908 360 997 386 rem
1029 346 1182 388 bonam
1211 353 1377 404 turpem
1407 348 1525 390 facit.

451 412 670 454 Audacter
708 419 934 454 veteranus
972 426 1166 454 cruorem
1203 419 1421 470 expectat,
1459 415 1531 470 qui
1562 416 1643 457 scit
1672 430 1718 458 sc
1747 431 1835 459 sae-

1057 479 1232 535 pissime
1261 479 1419 522 vicisse
1447 488 1544 537 post
1573 482 1836 537 sanguinem.

452 543 664 587 Audendo
694 545 830 586 virtus
862 546 1029 598 crescit,
1059 545 1268 588 tardando
1298 546 1438 588 timor.

369 615 424 654 40
452 611 615 653 Audire
644 610 766 652 malis
798 625 924 667 quam
953 609 1070 667 loqui
1100 610 1321 653 libentius:

452 677 629 719 Auferri
659 684 701 719 et
729 676 852 731 illud,
883 677 996 733 quod
1027 677 1120 718 dari
1149 678 1302 734 potuit,
1333 683 1488 734 potest.

453 743 746 793 Avidissimus
777 743 959 800 quisque
990 749 1054 785 est
1084 745 1439 799 egestosissimus.

451 809 686 866 A(vi)gilia
715 817 814 852 sunt
843 810 1034 852 membra
1064 810 1324 853 cursoribus.

452 876 671 918 Auloedus
701 876 790 931 fiat,
822 877 895 933 qui
925 891 1019 918 esse
1049 876 1318 920 citharoedus
1348 879 1510 935 nequit.

369 947 421 984 45
451 943 570 985 Auro
600 943 806 986 suadente
834 942 895 984 nil
925 949 1066 999 potest
1095 945 1243 986 oratio.

451 1010 541 1051 Aut
569 1023 743 1051 necesse
773 1015 837 1051 est
866 1010 1007 1066 ipsum
1035 1015 1080 1051 te
1109 1009 1240 1051 vilem
1268 1009 1426 1053 habeas
1455 1017 1530 1054 aut
1558 1013 1794 1069 pecuniam.

424 1075 570 1118 ,Bello
599 1076 784 1132 gladius,
815 1075 1014 1133 voluptas
1045 1091 1149 1133 pace
1179 1076 1390 1119 vulnerat.

450 1143 693 1184 Benefactis
723 1144 918 1200 proxime
946 1142 1002 1184 ad
1032 1143 1133 1185 deos
1163 1143 1423 1186 accedimus.

451 1209 658 1251 Beneficii
687 1223 931 1265 numquam,
963 1210 1047 1251 cito
1078 1209 1168 1251 dati
1198 1208 1467 1253 obliviscere.

368 1279 422 1318 50
450 1275 711 1317 Beneficium
741 1275 936 1318 celeritas
965 1277 1129 1331 gratius
1159 1276 1278 1318 facit.

453 1342 716 1384 Beneficium
746 1344 890 1398 egenti
919 1342 987 1383 bis
1019 1342 1105 1396 dat,
1138 1343 1211 1399 qui
1241 1342 1316 1385 dat
1346 1343 1554 1387 celeriter.

450 1409 711 1451 Beneficium
741 1415 806 1451 est
835 1423 980 1450 carere
1010 1423 1073 1464 e0‚
1104 1409 1267 1452 invitus
1298 1410 1412 1467 quod
1442 1411 1677 1468 possideas}

449 1475 710 1517 Beneficium
741 1482 806 1517 est
835 1490 1002 1532 semper
1030 1476 1210 1518 reddere
1239 1476 1443 1520 bonitatis
1473 1479 1620 1521 verba.

449 1542 561 1585 Boni
589 1556 727 1584 mores
759 1542 844 1584 sibi
873 1556 1040 1599 semper
1068 1543 1284 1599 placentes
1314 1552 1577 1601 permanent.

370 1613 421 1651 55
451 1609 583 1651 Bonis
613 1615 750 1662 nocet,
783 1609 976 1666 quisquis
1007 1610 1245 1666 pepercerit
1273 1609 1412 1653 malis.

450 1675 570 1718 Bono
600 1675 791 1718 iustitiae
819 1676 1016 1732 proxima
1047 1682 1112 1718 est
1141 1677 1363 1719 severitas.

451 1742 667 1785 Bonorum
695 1742 807 1784 ultro
837 1741 894 1783 ad
924 1743 1125 1784 convivia
1152 1743 1362 1786 accedunt
1390 1744 1506 1786 boni.

452 1809 616 1851 Bonum
647 1814 712 1851 est
742 1809 907 1851 duabus
938 1809 1103 1852 ancoris
1134 1809 1216 1852 niti
1245 1816 1394 1853 ratem.

453 1875 597 1917 Bonus
626 1876 793 1918 animus
823 1876 868 1917 in
897 1875 1009 1917 mala
1036 1889 1083 1916 re
1113 1874 1338 1919 dimidium
1369 1883 1434 1919 est
1462 1877 1576 1920 mali.

372 1947 425 1984 60
453 1942 598 1984 Bonus
630 1956 723 1984 esse
752 1957 837 1984 non
866 1948 1007 1999 potest
1035 1942 1132 1985 aliis
1162 1943 1298 1985 malus
1329 1943 1427 1986 sibi.

454 2103 505 2141 37
538 2103 592 2140 Gr
612 2102 649 2139 2.
672 2101 771 2142 Caec.
793 2102 886 2138 Balb.
908 2102 1002 2140 Mon.
1024 2102 1091 2150 22,
1114 2102 1153 2150 5,
1174 2115 1234 2152 pg.
1257 2103 1308 2141 27
1421 2103 1473 2142 38
1503 2104 1550 2155 Β.
1572 2103 1653 2141 Seu.
1675 2104 1719 2142 de
1737 2116 1838 2154 prov.

341 2159 381 2206 4,
404 2160 427 2197 7
533 2158 584 2196 39
615 2158 679 2195 Ps.
702 2157 801 2195 Caec.
823 2157 918 2194 Balh.
940 2158 1032 2195 Mon.
1057 2159 1095 2206 8,
1117 2159 1156 2206 3,
1178 2170 1238 2208 pg.
1262 2159 1313 2196 21
1417 2159 1473 2198 40
1503 2160 1557 2197 Gr
1577 2159 1612 2196 2.
1634 2159 1681 2196 ne
1701 2171 1791 2198 mor.
1813 2161 1836 2199 9

452 2214 503 2250 41
536 2214 618 2251 Sen.
647 2214 751 2262 epist.
775 2214 820 2261 8,
845 2213 896 2251 10
915 2214 997 2251 coll.
1020 2213 1094 2262 59,
1118 2214 1168 2251 18
1294 2214 1347 2251 42
1380 2214 1434 2252 Gr
1454 2214 1490 2252 2.
1511 2214 1610 2252 Caec.
1631 2215 1724 2252 Balb.
1745 2215 1838 2254 Mon.

344 2270 417 2318 12,
439 2269 482 2317 2,
505 2281 566 2318 pg.
591 2269 642 2307 23
763 2268 816 2306 43
847 2269 894 2306 R.
918 2270 977 2318 qui
997 2280 1065 2306 scr.
1086 2269 1259 2319 Aviyilia.
1300 2269 1382 2307 Sen.
1405 2270 1448 2307 de
1466 2282 1567 2320 prov.
1589 2270 1635 2319 4,
1659 2270 1722 2309 13.

341 2325 394 2362 44
426 2326 496 2362 Βο.
518 2324 585 2362 Cic.
607 2336 673 2373 pro
694 2323 783 2360 Mur.
810 2324 881 2372 13,
903 2324 968 2362 29.
991 2324 1137 2369 Quintil.
1160 2325 1206 2373 8,
1229 2325 1275 2374 3,
1298 2326 1349 2363 79
1462 2326 1515 2364 45
1546 2326 1617 2364 Bo.
1639 2325 1689 2363 Ex
1707 2326 1839 2365 Erasini

342 2380 453 2430 Adag.
476 2378 638 2428 Χρυσοῦ
665 2378 874 2425 λαλοῦντος
901 2377 977 2425 πᾶς
1003 2371 1247 2427 ἆπρακτείτω
1274 2376 1386 2430 λόγος
1515 2381 1569 2420 46
1601 2383 1656 2420 Gr
1675 2381 1711 2419 2.
1735 2381 1833 2420 Caco.

341 2436 435 2473 Balb.
458 2436 549 2473 Mon.
570 2435 637 2483 48,
662 2435 726 2483 13,
747 2447 805 2484 pg.
829 2435 881 2473 35
995 2435 1047 2474 47
1079 2437 1133 2474 Gr
1154 2436 1191 2474 2.
1212 2436 1310 2474 Caec.
1333 2436 1429 2474 Balb.
1452 2436 1544 2474 Mon.
1559 2436 1627 2485 40,
1643 2437 1683 2485 4,
1702 2449 1762 2486 pg.
1783 2438 1835 2476 33

454 2491 506 2529 48
538 2492 607 2528 Bo.
630 2491 677 2528 De
697 2502 786 2528 mor.
808 2491 874 2529 47.
897 2491 979 2529 Sen.
1001 2491 1044 2528 de
1065 2491 1178 2529 benef.
1200 2493 1239 2539 3,
1264 2493 1328 2540 15,
1355 2492 1380 2529 4
1511 2492 1564 2531 49
1596 2493 1661 2530 Gr.
1682 2493 1730 2529 De
1749 2494 1837 2530 mori

344 2548 394 2585 67
528 2547 582 2585 50
612 2547 667 2584 Gr
686 2547 725 2585 2.
745 2546 843 2584 Caec.
873 2546 967 2585 Balb.
988 2547 1077 2584 Mon.
1103 2548 1175 2595 14,
1198 2548 1244 2595 5,
1273 2560 1334 2597 pg.
1357 2547 1408 2584 24
1539 2547 1589 2586 51
1621 2547 1692 2585 Bo.
1713 2547 1792 2584 Var.
1812 2548 1836 2585 Ι.

343 2603 443 2639 Puhl.
466 2608 558 2639 sent.
582 2602 683 2650 235,
704 2613 810 2651 supra
830 2614 890 2651 pg.
913 2603 962 2640 81
1097 2603 1148 2640 52
1181 2604 1245 2641 Go.
1380 2603 1432 2641 53
1464 2603 1527 2641 Go.
1547 2601 1763 2640 Panthaleon
1783 2614 1838 2640 re·

343 2660 452 2695 etius:
487 2659 633 2696 Bonum
654 2663 709 2695 est
729 2659 890 2695 reddere
909 2659 1007 2696 bona
1029 2660 1144 2696 verba
1165 2663 1202 2696 et
1220 2662 1380 2697 inimicis
1483 2657 1535 2696 54
1565 2658 1609 2703 Q.
1629 2657 1712 2694 Sen.
1733 2659 1835 2706 epist.

340 2714 408 2761 47,
430 2714 481 2750 21
566 2714 617 2751 55
649 2715 695 2750 Ε.
719 2714 765 2750 De
785 2725 873 2751 mor.
898 2714 977 2751 114
1061 2714 1113 2753 56
1145 2715 1191 2751 E.
1214 2715 1261 2751 De
1281 2725 1368 2751 mor.
1391 2714 1443 2751 97
1525 2712 1577 2750 57
1607 2713 1677 2750 Bo.
1699 2712 1832 2751 Erasm.

345 2769 455 2818 Adag.
484 2781 519 2818 p.
545 2769 621 2807 641
645 2769 730 2807 edit.
755 2771 835 2806 anni
858 2770 964 2808 1617
1098 2770 1149 2808 58
1182 2770 1251 2807 Βο.
1273 2769 1404 2808 Erasm.
1425 2768 1535 2817 Adag.
1556 2767 1639 2805 ibid.
1660 2780 1722 2817 pg.
1745 2769 1837 2807 628.

345 2825 446 2862 Pind.
467 2825 605 2874 Olymp.
630 2826 669 2872 6,
693 2825 766 2863 101
873 2826 924 2863 59
956 2826 1026 2864 Bo.
1048 2825 1160 2863 Plaut.
1179 2825 1306 2862 Pseud.
1328 2822 1409 2862 4⁵4
1522 2823 1575 2862 60
1605 2823 1660 2861 Gr
1678 2823 1716 2861 2.
1738 2824 1836 2862 Caec.

347 2879 442 2917 Balb.
464 2880 557 2917 Mon.
581 2880 648 2928 22,
670 2879 707 2917 2.
728 2892 788 2929 pg.
813 2880 864 2918 27

1943 2868 1956 2894 „3
1922 2371 1956 2843 Ἰβωίΐὲἧρῥΰωῃίὤωθλ,ζ.
1935 2269 1954 2348 ,μμ,
1927 2105 1951 2157 ς’·,ἓ
1924 2030 1949 2074 ·„.'
1930 1951 1932 1955 ’
1933 1886 1941 1918 *⁴¹⁴¹
1940 1788 1942 1790 <
1938 1723 1940 1725 -
1934 1698 1942 1704 ⁸
1923 1664 1928 1670 ’
1925 1542 1934 1548 ³
1938 1404 1943 1411 υ
1944 1363 1947 1366 ,
1952 1331 1953 1334 „
1929 1247 1939 1285 ⁴'‘
1933 1165 1936 1166 ¹
1929 1125 1949 1138 ’⁴5
1926 1004 1944 1034 ‘'3-
1940 952 1943 959 w
1952 929 1954 934 ,
1932 847 1946 877 ‘¹5
1922 752 1937 804 Τ
1930 721 1934 726 ”
1929 691 1932 692 ’
1932 661 1935 665 “
