1956 3308
337 236 390 278 88
748 246 948 276 mmmm
979 246 1080 276 svm
1113 245 1413 276 senmurum.

448 346 575 401 Mage
605 345 732 397 valet,
764 345 837 401 qui
867 345 1003 385 nescit
1033 343 1146 400 quod
1177 343 1396 387 calamitas
1429 344 1553 386 valet.

448 412 568 453 Mora
598 411 870 466 cogitationis
901 409 1126 465 diligentia
1157 416 1234 451 est.

338 484 419 521 350
448 477 584 519 Multa
614 477 873 531 ignoscendo
903 476 950 517 fit
979 482 1129 532 potens
1160 477 1388 531 potentior.

449 543 593 585 Multis
625 543 791 599 plaeere
821 556 928 598 quae
958 542 1088 598 cupit,
1120 541 1286 597 culpam
1315 542 1447 598 cupit.

447 610 671 652 Minimum
702 610 829 665 eripit
857 608 1042 661 fortuna,
1075 609 1142 650 eui
1171 609 1394 650 minimum
1423 608 1556 651 dedit.

447 676 656 717 Meretrix
686 685 748 716 est
778 676 1108 717 instrumentum
1138 674 1431 716 contumeliae.

449 741 588 783 Malus
620 741 777 783 bonum
807 741 862 783 ad
893 756 939 783 se
968 755 1196 797 numquam
1227 740 1450 782 consilium
1481 742 1623 784 refert.

339 815 418 850 355
450 808 681 850 Manifesta
711 821 837 849 causa
866 821 1008 849 secum
1038 808 1168 849 habet
1198 809 1466 850 sententiam.
1511 813 1513 817 '

448 875 681 917 Multorum
711 873 943 915 calamitati
973 874 1041 915 vir
1069 875 1248 916 moritur
1277 871 1427 916 bonus.

447 941 588 983 Metus
619 942 834 996 improbos
865 941 1109 996 compescit,
1139 954 1224 982 non
1254 940 1491 983 clementia.

447 1008 717 1063 (Muneribus
747 1021 831 1048 non
860 1005 1047 1048 lacrimis
1077 1007 1280 1048 meretrix
1310 1014 1375 1048 est
1403 1009 1678 1064 misericors.)

447 1073 746 1129 (Metuendum
776 1087 942 1129 semper
972 1087 1064 1114 esse
1094 1074 1220 1127 scias,
1252 1087 1377 1129 quem
1406 1080 1545 1116 tutum
1576 1074 1718 1130 velis.)

337 1147 417 1183 360
446 1140 563 1181 Mors
593 1140 750 1181 infanti
779 1139 899 1193 felix,
933 1140 1079 1181 iuveni
1109 1139 1279 1190 acerba,
1311 1154 1405 1181 sera
1434 1141 1696 1184 nimisseni.

449 1205 607 1247 Malam
636 1221 726 1247 rem
756 1221 852 1247 cum
882 1205 1005 1260 velis,
1036 1205 1301 1248 honestatem
1329 1203 1574 1263 improbes(

448 1271 610 1314 Malum
641 1278 706 1314 est
736 1271 973 1326 consilium,
1005 1273 1118 1328 quod
1147 1274 1302 1315 mutari
1330 1287 1415 1315 non
1446 1279 1597 1329 potest.

450 1338 616 1380 Malitia
645 1339 771 1380 unius
802 1339 887 1380 cito
916 1338 963 1380 fit
994 1337 1269 1380 maledictum
1299 1340 1500 1380 omnium.

449 1405 629 1447 Mortem
658 1404 733 1446 ubi
764 1411 1024 1459 contemnas,
1056 1419 1200 1447 omnes
1231 1406 1386 1447 viceris
1417 1413 1569 1448 metus.

339 1477 418 1514 365
449 1471 610 1512 Misera
640 1478 703 1512 cst
734 1470 943 1527 voluptas,
978 1471 1053 1513 ubi
1083 1471 1233 1528 pericli
1262 1473 1465 1514 memoria
1495 1479 1572 1515 est.

449 1537 562 1578 Male
592 1538 728 1579 vincit
757 1538 809 1590 is,
841 1552 965 1593 quem
995 1539 1185 1594 paenitet
1210 1539 1429 1581 victoriae.

339 1742 512 1770 comens
542 1743 573 1768 v.
599 1730 838 1768 341—376:
869 1729 989 1777 F(T)

451 1820 529 1857 348
560 1831 661 1868 mage
683 1820 841 1856 Gruter.-
863 1812 972 1867 magis
996 1820 1033 1855 F
1157 1819 1250 1867 quod
1271 1820 1323 1855 F:
1353 1819 1438 1867 quid
1460 1821 1621 1858 editores
1737 1818 1761 1843 ‘¹‘
1783 1828 1857 1866 031⁴,-

340 1877 478 1912 lamitas
499 1876 607 1912 valet:
640 1887 669 1917 γ.
687 1887 716 1911 e.
739 1876 794 1920 F,
822 1885 852 1910 c.
875 1874 959 1922 quid
988 1886 1019 1910 v.
1044 1875 1198 1921 Gruter,
1228 1875 1311 1922 'quid
1339 1875 1450 1912 valeat
1477 1876 1652 1912 calamitas
1674 1877 1839 1926 Maehly.

342 1932 401 1978 Cf.
425 1944 491 1980 pq.
518 1931 570 1968 54
711 1930 790 1967 349
823 1930 879 1976 Cf.
912 1942 944 1967 v.
975 1930 1053 1970 321
1204 1929 1399 1967 diffidentia
1427 1934 1522 1968 coni.
1555 1932 1695 1969 Gruter

342 1988 423 2025 350
451 1988 572 2023 Aliter
599 1999 631 2023 v.
663 1986 755 2023 394.
786 1985 878 2023 528.
907 1986 998 2022 535.
1030 1986 1122 2022 592.
1154 1985 1232 2023 645
1374 1986 1451 2023 351
1486 1986 1545 2034 Cf.
1577 2000 1608 2024 v.
1638 1987 1730 2025 340.
1758 1987 1838 2026 532

429 2042 524 2090 culp.
548 2043 647 2090 cupit
668 2043 723 2078 ecl.
749 2041 855 2087 Bip..·
885 2052 914 2077 c.
937 2042 1029 2088 capit
1049 2042 1086 2078 F
1159 2041 1238 2078 352
1269 2041 1416 2078 Seneca
1437 2045 1544 2089 epist.
1567 2043 1634 2090 59,
1658 2042 1707 2080 13
1729 2042 1840 2091 ‘quod

343 2110 414 2134 non
445 2097 542 2133 (ledit
569 2097 732 2147 soi-tuna,
759 2107 830 2133 non
859 2097 989 2144 eripit'.
1019 2098 1064 2132 de
1092 2102 1209 2133 const.
1231 2107 1315 2144 sap.
1338 2097 1384 2144 5,
1406 2097 1430 2133 4
1459 2097 1521 2134 ‘nil
1551 2099 1656 2146 eripit
1681 2098 1838 2146 fortuna,

343 2154 409 2190 nisi
437 2152 534 2200 quod
562 2152 687 2189 dedit’.
803 2152 858 2187 cui
879 2152 1096 2188 Bentleius:
1125 2162 1204 2187 eum
1224 2153 1261 2188 F
1369 2153 1449 2189 353
1479 2158 1534 2189 est
1554 2154 1657 2190 instr.
1682 2154 1839 2191 Gruter:

343 2211 445 2246 instr.
468 2213 523 2243 est
546 2209 599 2243 F-
709 2207 789 2245 356
820 2206 1006 2243 calamitati
1027 2207 1276 2244 Ribbeckiust
1305 2207 1501 2244 calamitate
1522 2210 1559 2245 F
1667 2209 1746 2246 357
1779 2209 1837 2256 Cf.

343 2277 375 2301 v.
398 2263 491 2299 494.
514 2263 594 2300 553
727 2263 806 2300 358
838 2262 894 2309 Cf.
914 2275 977 2310 py.
1001 2262 1065 2299 56.
1128 2261 1315 2300 Creticum
1341 2265 1536 2300 dimetrum
1563 2265 1653 2300 dicit
1670 2264 1838 2312 *Spenyoe
1913 2301 1927 2310 .

341 2322 416 2356 lius
443 2321 480 2354 in
510 2319 647 2355 Caecil.
670 2330 713 2365 p.
738 2319 782 2363 7,
812 2317 1015 2354 muneribus
1045 2318 1211 2354 meretrix
1241 2319 1417 2366 tangitur,
1448 2330 1518 2355 non
1548 2319 1697 2356 lacrimis
1719 2320 1839 2357 Bothe

455 2373 533 2411 359
566 2374 624 2420 Cf.
648 2386 680 2410 v.
704 2374 740 2410 9.
767 2373 854 2409 116.
878 2373 956 2409 519
1071 2373 1297 2410 Metuendum
1327 2384 1466 2422 semper
1485 2379 1540 2410 est
1559 2376 1615 2421 ei,
1644 2374 1739 2423 quod
1756 2380 1783 2411 t.
1805 2386 1836 2411 v.

346 2431 488 2466 Gruter
608 2429 690 2466 360
720 2430 885 2466 Sentent.
919 2429 1010 2475 Rufi
1045 2429 1079 2475 (e
1107 2430 1188 2465 cod.
1217 2430 1342 2466 Paris.
1375 2431 1440 2466 lat.
1470 2429 1599 2475 4841,
1635 2440 1737 2467 saec.
1765 2430 1840 2475 IX)

343 2483 451 2521 ‘Mors
473 2484 557 2521 sorti
579 2484 686 2531 levis,
714 2484 879 2521 servienti
908 2489 1048 2531 optata,
1079 2483 1239 2521 obtabilis
1259 2486 1448 2521 inmatura’
1481 2485 1576 2531 (eod.
1599 2485 1838 2531 inmutatum).

454 2551 532 2576 sera
565 2540 666 2575 nimis
695 2542 855 2577 Gruter.-
885 2540 987 2575 nimis
1016 2550 1093 2575 sera
1119 2540 1156 2576 F
1273 2539 1352 2578 362
1385 2542 1526 2578 Gellius
1554 2540 1626 2586 17,
1650 2539 1723 2586 14,
1749 2540 1836 2577 Joa.

344 2596 495 2632 Saresb.
518 2596 658 2631 Polior.
681 2596 720 2641 8,
746 2595 807 2640 14,
830 2595 859 2631 C
969 2595 1048 2631 363
1080 2595 1167 2632 Sen.
1191 2596 1357 2632 Phaedr.
1378 2595 1458 2633 573
1479 2595 1547 2642 (=
1567 2595 1722 2642 Hippot.
1739 2595 1835 2643 563)

344 2649 429 2687 ‘Cur
457 2652 611 2687 omnium
634 2650 673 2687 fit
694 2651 795 2699 culpa
816 2661 1003 2698 paucarum
1024 2649 1180 2686 scelus?’
1313 2651 1392 2688 364
1423 2651 1482 2698 Cf.
1506 2650 1584 2688 205
1716 2661 1837 2686 omnes
1871 2681 1874 2683 .
1933 2643 1956 2659 ”

346 2719 376 2742 v.
400 2718 445 2742 m.
466 2707 620 2755 Inqolst.
643 2718 687 2742 m.
710 2718 740 2743 v.
763 2717 796 2743 o.
821 2707 866 2750 F,
889 2718 919 2740 v.
942 2717 975 2742 o.
998 2717 1041 2741 m.
1066 2706 1187 2743 Bothe
1318 2706 1398 2743 365
1430 2704 1486 2753 Cf.
1509 2705 1586 2742 521
1715 2705 1837 2753 pericli

347 2763 502 2809 Iriyolst.
527 2761 673 2810 periculi
695 2762 731 2798 F
840 2762 918 2798 366
950 2762 978 2797 is
1007 2772 1111 2809 quem
1140 2761 1206 2809 (cf.
1229 2774 1260 2799 v.
1283 2761 1350 2807 82,
1372 2759 1465 2807 174)
1486 2761 1645 2798 Gruter.-
1666 2771 1770 2808 quem
1791 2761 1838 2806 F,

344 2817 515 2862 sortasse
542 2828 647 2864 quem
675 2823 757 2865 post
787 2819 833 2854 cl.
866 2829 895 2854 v.
930 2817 1018 2852 111.
1046 2817 1136 2854 196.
1160 2817 1260 2863 271,
1288 2827 1391 2865 quem
1417 2827 1499 2853 mox
1526 2817 1720 2857 Halmius‚·
1749 2815 1838 2853 male

348 2873 453 2908 vincit
474 2872 671 2918 audaciam,
694 2884 798 2920 quem
819 2873 978 2920 poenitet
999 2873 1143 2908 victoria
1168 2872 1201 2908 T
