1956 3308
365 228 414 269 12
928 250 1285 285 PROLEGOMENA.

358 340 506 381 micum
535 344 884 399 trczqiceiiriqae
919 353 994 390 aut
1028 351 1265 396 Romanum
1294 360 1368 398 aut
1397 358 1623 412 Graecum,
1655 366 1692 404 et
1712 365 1849 417 pluri·
1900 395 1906 400 ἢ

356 418 442 447 mos
467 407 651 462 deinceps
676 426 814 454 versus
839 415 1038 466 referebat
1057 417 1232 461 Publilii
1257 421 1647 479 disertissimos,
1682 435 1724 471 ot
1744 444 1850 486 quae

354 470 516 514 Seneca
544 475 717 531 scripsit
746 478 790 520 in
821 481 941 536 epist.
973 482 1020 536 8,
1049 484 1095 524 8:
1139 485 1348 537 Quantum
1386 491 1851 539 disertissimorum

352 551 542 581 versuum
572 542 675 583 inter
703 546 849 587 mimos
864 548 994 589 iacet!
1026 549 1320 601 Quam⁸multa
1350 554 1525 599 Publilii
1544 573 1627 601 non
1647 563 1847 606 excalcea-

351 605 422 654 tis,
453 607 524 647 sed
564 609 892 664 cothurnatis
926 615 1097 658 dicenda
1124 621 1245 660 sunt!

460 671 588 714 Haud
617 689 712 716 raro
741 677 874 731 igitur
906 680 977 734 (cf.
1008 681 1197 725 adnotat.
1229 687 1323 727 crit.
1353 687 1408 728 ad
1441 703 1480 730 v.
1504 705 1545 732 v.
1567 691 1635 734 28.
1658 693 1725 736 58.
1752 695 1844 738 105.

351 736 441 778 138.
478 739 567 780 157.
597 740 692 783 330.
723 742 819 784 484.
849 746 944 787 572.
976 748 1075 803 601)
1109 750 1270 793 Seneca
1299 755 1532 798 orationem
1561 758 1617 799 ad
1647 760 1843 803 similitu-

347 801 489 844 dinem
514 809 820 850 sententiarum
841 811 1176 858 Publilianarum
1199 818 1497 876 conformavit,
1530 827 1781 880 praesertim
1801 829 1843 870 in

345 868 558 911 clausulis.
618 873 686 914 Of.
718 874 899 927 Quintil.
931 880 976 933 8,
1007 881 1047 935 5,
1083 883 1146 923 14.
1207 885 1327 926 Idem
1356 887 1400 928 in
1430 891 1662 945 tragoediis
1694 893 1842 950 depre-

344 934 547 978 henditur
582 939 655 992 (cf.
693 940 749 982 ad
786 956 827 983 v.
859 959 900 986 v.
937 946 1027 988 103.
1058 948 1154 991 363.
1183 950 1276 994 459.
1314 953 1436 1008 640),
1475 962 1536 1003 ut,
1558 957 1638 999 hoc
1676 973 1841 1017 quoque

341 1010 590 1057 argumento
621 999 920 1066 iahilosophum
949 1027 1092 1055 earum
1113 1029 1204 1058 esse
1224 1025 1440 1062 auctorem
1461 1023 1743 1067 confirmetur.
1788 1027 1838 1069 In

340 1067 421 1110 hoc
455 1070 587 1112 nimio
625 1072 714 1114 fere
752 1075 928 1119 Publilii
965 1080 1107 1123 studio
1145 1083 1250 1124 mihi
1283 1085 1455 1140 quidem
1484 1089 1713 1133 admodum
1743 1108 1837 1149 pro-

340 1134 482 1176 babile
518 1143 603 1190 cst,
643 1154 750 1195 quae
788 1141 987 1198 leguntur
1023 1145 1077 1187 de
1113 1147 1232 1190 brev.
1265 1152 1380 1194 vitae
1413 1154 1484 1207 12,
1516 1155 1563 1197 8:
1604 1157 1637 1198 I
1660 1173 1771 1201 nunc
1799 1164 1837 1203 et

338 1203 483 1244 mimos
510 1205 640 1246 multa
670 1210 835 1250 mentiri
864 1211 922 1252 ad
942 1215 1273 1266 exprobrandam
1293 1219 1506 1263 luxuriam
1527 1226 1647 1275 puta.
1700 1225 1837 1270 Plura

336 1269 576 1312 mehercules
615 1277 877 1325 praetereunt
917 1291 1044 1330 quam
1078 1282 1259 1335 finyunt,
1305 1287 1342 1326 ct
1378 1289 1496 1329 tanta
1531 1289 1836 1335 incredibilium

334 1335 528 1377 vitiorum
557 1339 674 1397 copia
704 1341 910 1394 ingymiioso
941 1345 986 1386 in
1014 1346 1087 1388 hoc
1105 1362 1235 1390 unum
1261 1353 1420 1394 sacculo
1442 1357 1651 1407 processit,
1682 1361 1728 1399 ut
1746 1360 1834 1402 iam

333 1402 552 1444 mimorum
581 1419 752 1458 arquere
772 1411 981 1460 possimus
1017 1414 1319 1468 nefieqentiam,
1351 1418 1455 1460 item
1484 1421 1709 1464 referenda
1739 1438 1832 1467 esse

333 1466 388 1507 ad
418 1467 667 1525 Publilium,
701 1472 883 1516 fortasse
911 1476 967 1518 ad
997 1477 1136 1522 locum
1165 1481 1503 1539 celeberrimum,
1533 1501 1658 1543 quem
1687 1490 1831 1534 attulit

331 1532 615 1578 Petronius
647 1538 859 1583 Satn-icon
889 1557 980 1599 cap.
1001 1545 1076 1587 55:
1109 1547 1236 1602 Royo,
1269 1552 1370 1603 quid
1388 1557 1510 1605 putes
1537 1556 1645 1597 inter
1672 1557 1828 1600 Cicero-

329 1612 421 1641 nem
440 1604 479 1642 et
499 1601 730 1647 Publilium
748 1608 968 1651 interesse?
996 1611 1085 1665 Eyo
1106 1614 1281 1657 alterum
1293 1621 1396 1669 puto
1416 1620 1669 1664 disertiorem
1685 1623 1825 1675 fuisse,

328 1666 503 1710 alterum
531 1669 808 1715 honestiorem.
872 1675 982 1727 Quid
1008 1680 1118 1721 enim
1146 1681 1211 1723 his
1239 1684 1384 1726 melius
1413 1686 1495 1727 dici
1515 1689 1678 1740 potest?

491 1783 691 1824 Luxuriae
720 1789 816 1826 rictu
844 1789 989 1829 Martis
1016 1788 1186 1833 marcent
1212 1799 1372 1836 moenia.

493 1850 575 1888 Tuo
596 1853 731 1899 palato
760 1856 913 1894 clausus
933 1869 1036 1905 pavo
1058 1862 1236 1907 pascitur

489 1916 671 1957 Plumato
700 1922 860 1960 amictus
887 1935 1002 1962 aureo
1031 1925 1278 1974 Babylonico,

491 1980 649 2022 Gallina
678 1987 746 2024 tibi
774 1987 996 2035 Numidica,
1026 1992 1094 2030 tibi
1118 1995 1245 2042 ¹qallus
1271 1999 1412 2045 spado:

490 2047 646 2089 C'iconia
675 2054 787 2091 etiam
813 2059 927 2103 gyrata
950 2060 1157 2107 percqrina
1185 2061 1333 2111 hospita

466 2115 764 2157 'Pietaticultrix
789 2123 987 2170 gracilipes
1016 2127 1243 2166 crotalistria

485 2180 718 2227 Acz‘s,.exul
744 2187 898 2233 hiemis,
928 2191 1060 2230 titulus
1087 2191 1204 2240 tepidi
1231 2197 1408 2244 temporis

485 2247 686 2295 Nequitiae
715 2253 851 2291 nidum
879 2256 923 2293 in
951 2260 1087 2297 cacabo
1116 2260 1203 2306 fecit
1230 2263 1349 2301 modo.

485 2315 566 2363 Quo
594 2320 809 2366 maryarita
837 2333 930 2360 cara
958 2325 1105 2364 tribaca
1132 2327 1300 2367 Indica?

918 2409 941 2429 Ι·
1052 2412 1074 2432 4(-
1188 2414 1210 2435 ⁴(—

478 2468 547 2507 An
574 2474 616 2509 ut
645 2475 823 2512 matrona
852 2481 990 2516 ornata
1011 2480 1182 2527 phaleris
1204 2484 1368 2532 pelaqiis

481 2536 601 2575 Tollat
622 2539 737 2585 pedes
766 2541 951 2581 indomita
980 2546 1024 2582 in
1051 2549 1168 2585 strato
1198 2552 1404 2590 extraneo?

476 2601 739 2652 Zmaraydum
767 2608 819 2644 ad
847 2621 962 2655 quam
990 2623 1070 2649 rem
1096 2612 1275 2660 “virulent,
1298 2610 1510 2664 pretiosum
1537 2620 1703 2658 vitrum?

477 2669 559 2717 Quo
590 2669 864 2713 Carchedonios
893 2679 1000 2723 optas
1028 2679 1135 2726 iynes
1163 2681 1330 2728 lapideos

475 2734 565 2774 Nisi
592 2741 635 2775 ut
661 2739 867 2778 scintilles?
888 2744 1063 2789 probitas
1091 2749 1143 2784 est
1171 2748 1435 2788 carbunculus.

474 2801 650 2849 Aequum
679 2809 731 2843 est
760 2807 917 2847 inducre
945 2814 1107 2858 nuptam
1135 2817 1287 2852 ventum
1314 2807 1484 2859 textilem,

472 2867 609 2906 Palam
631 2875 807 2917 prostare
839 2876 983 2914 nudam
1014 2878 1055 2915 in
1083 2879 1228 2917 nebulai
1249 2880 1378 2919 linea?
