1956 3308
347 199 425 243 132
859 208 1143 241 SENTENTIAE
1175 208 1318 241 muso

454 310 584 363 Quod
613 310 687 352 diu
717 310 928 362 tractaris,
960 309 1006 351 id
1035 315 1138 366 puta
1165 309 1465 351 rectissimum.

453 377 581 429 Quod
611 391 704 419 esse
732 376 909 418 tacitum
940 375 1021 428 vis,
1053 375 1099 416 id
1128 374 1235 416 nulli
1265 375 1443 417 dixeris.

343 448 425 485 320
453 443 580 495 Quod
610 443 751 484 facere
781 449 906 498 turpe
935 448 1012 495 est,
1044 441 1187 482 dicere
1215 455 1268 482 ne
1298 440 1520 483 honestum
1551 448 1666 499 puta.

454 509 581 561 Quod
611 509 776 550 nescias
808 507 1010 549 damnare
1040 522 1208 549 summa
1237 513 1302 548 est
1330 508 1567 550 temeritas.

454 575 583 627 Quod
614 575 706 617 vult
735 574 878 628 habet,
910 575 984 631 qui
1014 573 1124 616 velle
1154 573 1268 630 quod
1298 574 1402 616 satis
1433 581 1511 629 est,
1541 580 1694 632 potest.

453 640 598 693 Quum
627 648 794 698 tempus
823 647 1010 693 revocat,
1042 639 1115 682 illa
1143 654 1330 697 praecox
1359 647 1425 683 est
1454 641 1571 696 fuga.

453 708 602 750 Refert
630 708 837 749 bonorum
867 706 1076 764 exemplis
1106 707 1250 764 puniri
1280 707 1510 764 improbos.

342 779 421 816 325
452 774 602 816 Refert
631 789 755 831 quam
787 775 882 830 quis
913 774 1022 816 bene
1052 774 1192 828 vivat3
1223 788 1351 830 quam
1380 774 1456 816 diu
1486 789 1570 815 non
1599 774 1744 817 refert.

450 841 570 896 Rege
608 840 809 883 incolumi
849 855 967 883 mens
1007 840 1204 883 omnibus
1243 855 1328 882 una
1367 847 1454 894 est,
1491 841 1651 883 amisso
1687 855 1840 897 rupere

1135 906 1278 948 fidem.

451 974 643 1030 Regibus
675 974 830 1016 certior
859 980 925 1015 est
955 988 1009 1015 ex
1037 973 1364 1015 mansuetudine
1393 975 1613 1016 securitas.

367 1082 369 1086 Α
450 1041 616 1096 Regum
645 1040 816 1082 fortuna
846 1054 967 1082 casus
998 1039 1253 1104 praecipites
1282 1046 1407 1083 rotat.

451 1107 643 1163 Repente
672 1107 796 1148 dives
826 1122 949 1150 nemo
979 1107 1117 1148 factus
1149 1112 1214 1148 est
1242 1106 1394 1149 bonus.

345 1179 426 1214 330
455 1173 539 1215 Res
571 1174 762 1230 inquieta
792 1180 856 1216 est
884 1174 930 1214 in
959 1188 1005 1215 se
1032 1173 1170 1229 ipsam
1199 1172 1397 1214 felicitas.

452 1240 687 1282 Revertere
715 1240 829 1282 unde
859 1241 1029 1282 veneris
1058 1238 1167 1281 nihil
1197 1253 1330 1295 grave
1359 1245 1437 1281 est.

451 1306 700 1348 Ridiculum
730 1313 793 1349 est
822 1308 922 1350 odio
950 1306 1143 1349 nocentis
1173 1306 1353 1362 perdere
1382 1307 1682 1348 innocentiam.

453 1372 590 1429 Saepe
620 1373 890 1416 dissimulare
920 1388 1047 1431 quam
1075 1372 1227 1415 ulcisci
1257 1373 1390 1415 satius
1420 1372 1518 1415 fuit.

453 1439 589 1496 Saepe
619 1441 791 1483 fortuna
819 1441 1110 1494 innocentem,
1142 1454 1374 1496 numquam
1402 1455 1500 1496 spes
1529 1440 1642 1483 bona
1670 1438 1844 1482 deserit.
1907 1491 1920 1505 ·

340 1511 420 1548 335
453 1507 589 1564 Saepe
619 1506 732 1549 oculi
762 1514 803 1549 et
830 1522 955 1550 aures
986 1506 1107 1562 vulgi
1135 1512 1267 1549 testes
1298 1513 1397 1548 sunt
1426 1506 1541 1549 mali.

451 1573 629 1630 Saepius
660 1573 863 1627 locutum,
894 1588 1125 1630 numquam
1154 1588 1222 1615 me
1251 1574 1438 1615 tacuisse
1467 1575 1671 1631 paenitet.

451 1639 562 1681 Salis
593 1639 884 1682 absumendus
914 1640 1097 1694 modius,
1128 1641 1377 1696 priusquam
1406 1639 1565 1682 habeas
1595 1639 1738 1682 fidem.

450 1707 628 1763 Sapiens
668 1708 750 1749 etsi
787 1713 1011 1749 contentus
1050 1713 1114 1748 est
1144 1721 1210 1761 se,
1248 1713 1391 1748 tamen
1426 1707 1611 1749 amicum
1649 1706 1742 1749 vult
1771 1706 1842 1748 ha-

1135 1773 1236 1815 bere
1266 1780 1308 1815 et
1337 1788 1378 1830 q.
1409 1789 1443 1816 s.

454 1840 635 1896 Sapiens
664 1839 773 1882 nihil
802 1840 919 1894 facit,
951 1839 1064 1897 quod
1092 1854 1179 1882 non
1209 1839 1349 1893 debet,
1380 1845 1422 1882 et
1450 1839 1559 1882 nihil
1579 1841 1842 1897 praetermit-

1137 1907 1202 1960 tit,
1234 1907 1349 1963 quod
1379 1906 1522 1949 debet.

341 1976 426 2015 340
455 1972 637 2016 Securus
668 1973 772 2028 obit,
803 1974 877 2030 qui
907 1974 1013 2015 vitia
1042 1988 1119 2016 sua
1147 1979 1246 2016 ante
1274 1972 1480 2016 immolat.

451 2123 530 2160 318
563 2124 617 2160 Gr
638 2122 674 2159 2.
695 2123 795 2160 Caec.
824 2123 919 2159 Balb.
950 2123 1042 2160 Mon.
1065 2123 1138 2170 28,
1162 2124 1206 2170 1,
1235 2135 1296 2172 pg.
1319 2122 1370 2160 29
1485 2123 1563 2160 319
1594 2123 1640 2160 F.
1663 2122 1716 2159 Cf.
1736 2134 1842 2171 supra

338 2191 396 2227 pg.
423 2179 515 2226 101,
538 2179 588 2216 75
704 2179 786 2217 320
815 2180 879 2216 Ps.
901 2179 998 2215 Caee.
1020 2179 1114 2215 Balb.
1136 2179 1228 2216 Mon.
1251 2179 1288 2226 1,
1309 2178 1348 2225 2,
1368 2189 1429 2226 pg.
1451 2177 1500 2216 18
1522 2189 1601 2215 cum
1622 2178 1741 2215 adnot.

338 2235 414 2271 321
439 2234 503 2271 Ps.
581 2234 661 2272 322
683 2235 746 2271 Ps.
767 2234 928 2271 Incertus
948 2240 1054 2283 poeta
1075 2246 1128 2282 ap.
1151 2234 1233 2271 Sen.
1255 2235 1358 2282 epist.
1386 2234 1476 2279 108,
1500 2233 1548 2270 11
1623 2233 1703 2272 323
1723 2234 1787 2270 Ps.

340 2289 420 2326 324
451 2290 496 2326 F.
613 2289 693 2327 325
725 2291 790 2327 Gr.
815 2301 856 2326 ex
876 2290 986 2326 Palat.
1010 2290 1063 2325 Cf.
1085 2289 1166 2326 Sen.
1187 2290 1292 2338 epist.
1319 2289 1418 2335 100,
1442 2288 1507 2336 15,
1529 2294 1564 2326 et
1580 2299 1691 2338 supra
1709 2300 1742 2325 v.
1763 2288 1842 2326 248

451 2345 530 2382 326
564 2345 628 2382 Go.
653 2345 734 2382 Sen.
763 2345 807 2382 de
827 2346 929 2382 clem.
954 2346 973 2382 1
989 2374 1000 2392 ,
1021 2345 1068 2393 4,
1091 2345 1114 2381 2
1143 2345 1224 2382 coll.
1246 2345 1350 2393 Verg.
1374 2344 1504 2392 Georg.
1527 2345 1575 2392 4,
1597 2345 1677 2382 213
1705 2349 1741 2381 et
1760 2344 1841 2382 Seu.

342 2402 448 2449 epist.
474 2400 566 2447 114,
588 2400 638 2438 23
754 2400 833 2438 327
867 2402 938 2439 Ρη.
962 2400 1042 2438 Sen.
1064 2401 1107 2437 de
1127 2401 1228 2437 clem.
1253 2402 1290 2447 1,
1311 2401 1351 2447 8,
1374 2400 1397 2438 6
1501 2399 1581 2438 328
1611 2400 1683 2437 Βο.
1704 2399 1842 2436 Menan-

339 2456 402 2492 der
421 2468 482 2505 pg.
505 2456 584 2494 333
606 2456 708 2493 Mein.
823 2457 902 2494 329
932 2457 997 2494 Ps.
1019 2456 1208 2494 Menander
1227 2461 1382 2493 monost.
1406 2455 1486 2494 688
1508 2448 1638 2500 οὐδεὶς
1657 2449 1842 2502 ἐπλούτη-

341 2521 408 2547 σεν
428 2508 569 2560 ταχέως
592 2508 741 2556 δίκαιος
762 2502 829 2549 ὢν.
959 2512 1041 2550 330
1069 2513 1133 2549 Ps.
1156 2513 1238 2550 Seu.
1260 2513 1364 2560 epist.
1385 2511 1452 2558 36,
1476 2511 1496 2548 1
1620 2510 1698 2549 331
1730 2510 1785 2547 Gr
1803 2508 1839 2546 2.

341 2568 422 2604 Sen.
445 2568 488 2604 de
510 2573 623 2616 tranq.
645 2579 701 2605 an.
725 2569 791 2615 11,
811 2567 836 2604 4
950 2567 1029 2605 332
1061 2569 1107 2604 E.
1129 2568 1182 2605 Cf.
1203 2578 1311 2616 supra
1330 2579 1391 2616 pg.
1416 2566 1509 2614 105,
1530 2566 1582 2604 85
1665 2565 1746 2603 333
1775 2565 1837 2602 Ps.

342 2623 425 2660 Sen.
448 2623 492 2660 de
512 2625 562 2660 ira
585 2623 623 2669 2,
645 2624 711 2670 33,
737 2624 756 2659 1
872 2622 952 2661 334
984 2624 1039 2661 Gr
1060 2624 1095 2660 2.
1117 2623 1215 2660 Caec.
1238 2622 1333 2660 Balb.
1354 2623 1445 2659 Mon.
1470 2622 1536 2669 25,
1556 2622 1595 2668 3,
1615 2632 1677 2669 pg.
1697 2619 1749 2658 28

347 2678 426 2716 335
458 2679 523 2719 Ps.
546 2679 645 2716 Caec.
667 2679 764 2718 Ball».
783 2679 876 2716 Mon.
895 2679 932 2726 1,
950 2679 1017 2726 31,
1038 2691 1099 2728 pg.
1118 2678 1172 2717 20
1248 2678 1328 2716 336
1359 2679 1424 2715 Gr.
1440 2676 1537 2714 Caec.
1551 2675 1646 2713 Ball).
1661 2674 1754 2712 Mon.
1773 2675 1840 2724 26,

343 2735 386 2779 1,
410 2746 469 2782 pg.
493 2734 545 2772 28
688 2735 767 2772 337
800 2735 869 2771 Bo.
899 2734 1066 2771 Proverb.
1097 2746 1214 2784 graec.
1243 2745 1285 2771 ex
1312 2734 1458 2770 Aristot.
1489 2732 1563 2769 eth.
1586 2731 1658 2768 Nic.
1682 2731 1728 2778 8,
1752 2731 1798 2778 3,
1814 2732 1840 2769 8

473 2791 552 2827 338
585 2791 649 2828 Go.
682 2790 762 2827 Sen.
794 2791 896 2839 epist.
926 2791 972 2837 9,
993 2790 1018 2828 8
1159 2790 1238 2828 339
1270 2789 1336 2826 Ge.
1365 2787 1447 2825 Seu.
1478 2787 1521 2823 de
1546 2786 1650 2824 clem.
1680 2786 1726 2836 2,
1748 2787 1794 2834 7,
1818 2787 1838 2824 1
