1956 3308
351 261 403 299 5³6
769 268 966 298 rumam
1000 267 1099 297 svm
1132 240 1430 297 sssu'murlmc.

460 371 664 412 Miserum
695 376 759 410 cst
788 374 926 408 tacere
956 368 1064 420 cogi,
1097 366 1209 421 quod
1240 365 1386 421 cupias
1416 365 1544 421 loqui.

352 443 431 479 315
462 437 701 478 Miserrima
731 440 794 474 ost
824 433 1006 484 fortuna,
1039 446 1146 488 quae
1176 432 1348 473 inimico
1377 438 1505 473 earet.

460 502 598 543 Malus
630 507 693 541 est
722 499 954 552 vocandus,
986 499 1058 554 qui
1089 513 1164 539 sua
1194 504 1258 539 est
1288 511 1417 538 causa
1445 497 1594 540 bonus.

460 568 596 610 Malus
627 568 785 608 bonum
814 565 889 606 ubi
921 579 966 606 se
996 563 1180 615 simulat,
1211 570 1313 604 tunc
1343 570 1407 604 est
1436 567 1658 619 pessimus.

460 635 601 676 Metus
633 648 727 673 cum
758 632 892 684 venit,
923 635 1066 672 rarum
1096 630 1226 671 habet
1256 645 1427 671 somnus
1457 630 1610 671 locum.

461 701 571 742 Mori
601 712 774 740 necesse
805 704 883 750 est,
916 697 991 739 sed
1021 712 1105 738 non
1130 694 1332 752 'quotiens
1363 695 1563 738 volueris.

354 774 435 809 320
464 766 576 808 Male
605 766 783 821 geritur,
815 763 1024 820 quidquid
1052 764 1216 818 geritur
1245 764 1442 805 fortunae
1471 763 1568 804 fide.

460 834 628 875 Mortuo
660 833 732 888 qui
764 831 895 872 mittit
924 845 1091 882 munuS,
1122 828 1182 870 nil
1213 829 1287 871 dat
1316 829 1394 882 illi,
1426 829 1510 870 sibi
1540 828 1706 871 adimit.
1772 827 1775 830 ¹
1800 828 1802 833 ’

459 900 603 941 Minus
635 905 699 940 est
730 912 856 953 quam
887 911 1036 938 servus
1067 895 1278 948 dominus,
1309 896 1382 952 qui
1413 910 1558 938 servos
1589 897 1725 938 timet.

458 966 586 1020 Mage
615 964 726 1005 fidus
758 965 878 1005 heres
908 963 1100 1004 nascitur
1129 976 1256 1018 quam
1285 961 1501 1003 scribitur.

460 1031 574 1074 Malo
604 1032 648 1072 in
679 1029 856 1072 consilio
887 1029 1072 1070 feminae
1102 1030 1278 1070 vincunt
1308 1029 1439 1070 viros.

350 1104 429 1141 325
461 1098 576 1140 Mala
606 1103 670 1138 est
700 1096 895 1153 voluptas
926 1095 982 1136 ad
1011 1094 1198 1136 alienum
1227 1109 1515 1136 consuescere.

459 1165 651 1206 Maiximo
681 1162 841 1219 periclo
872 1160 1126 1214 custoditur,
1158 1161 1271 1217 quod
1303 1160 1449 1203 multis
1478 1161 1631 1218 placet.

460 1230 575 1272 Mala
606 1237 670 1270 est
700 1229 925 1282 medicina,
956 1228 1031 1269 ubi
1061 1227 1224 1283 aliquid
1252 1234 1429 1270 naturae
1459 1230 1582 1285 perit.

459 1297 598 1339 Malae
627 1302 803 1338 naturae
833 1309 1063 1350 numquam
1093 1293 1266 1336 doctore
1284 1293 1505 1349 indigent.

459 1363 657 1404 Misereri
687 1362 796 1402 scire
826 1362 917 1403 sine
947 1359 1105 1417 periclo
1137 1366 1200 1401 est
1229 1361 1393 1402 vivere.

354 1435 435 1473 330
464 1429 578 1471 Male
608 1429 775 1481 vivunt,
809 1429 882 1484 qui
914 1442 958 1470 se
989 1441 1154 1483 semper
1183 1427 1372 1469 victuros
1401 1434 1565 1484 putant.

353 1654 527 1682 comens
548 1655 580 1678 v.
604 1643 843 1681 309—340:
875 1643 983 1679 PRF
1000 1641 1125 1692 (TEC)

352 1733 437 1769 Mori
459 1738 514 1768 est
534 1732 686 1778 felicius,
708 1743 738 1766 a.
762 1742 807 1766 m.
830 1731 986 1766 invoces.
1101 1729 1180 1766 314
1212 1735 1327 1767 tacere
1350 1731 1379 1768 0
1397 1723 1603 1768 Erasmus.-
1623 1742 1729 1779 agere
1753 1731 1857 1769 PRF

462 1789 583 1835 cupies
605 1787 843 1823 Pantlzaleon
957 1785 1036 1822 315
1067 1787 1113 1821 in.
1135 1791 1231 1821 caret
1251 1786 1319 1823 PR
1350 1786 1454 1822 Vino.
1480 1787 1575 1823 Bell.
1596 1798 1652 1834 sp,
1669 1788 1704 1823 d.
1722 1787 1762 1833 4,
1778 1787 1848 1825 83:

355 1848 451 1879 caret
480 1844 527 1879 in.
558 1842 602 1887 C,
631 1843 790 1878 inimicos
819 1841 905 1877 latet
933 1842 969 1877 F
1079 1841 1157 1878 316
1187 1851 1249 1876 sua
1278 1847 1333 1878 est
1366 1853 1468 1877 causa
1495 1843 1620 1879 PRF:
1645 1853 1709 1878 sua
1736 1854 1766 1879 c.
1795 1847 1851 1879 est

358 1900 558 1944 Erasmus,
580 1904 634 1934 est
654 1909 682 1933 s.
705 1909 735 1933 c.
760 1897 788 1933 C
915 1897 992 1933 317
1026 1896 1083 1943 Cf.
1107 1909 1138 1932 v.
1161 1895 1226 1933 20.
1249 1897 1313 1933 61.
1337 1897 1428 1934 368.
1450 1897 1532 1935 400
1643 1897 1774 1934 bonum
1795 1897 1853 1934 ubi

356 1965 394 1990 se
415 1954 504 1990 PR.-
536 1953 593 1989 ubi
620 1953 655 1989 h.
684 1963 723 1989 se
752 1953 842 1999 FE,
871 1958 910 1988 ut
938 1963 976 1988 se
1003 1951 1034 1987 1).
1059 1950 1105 1997 C,
1133 1951 1244 1987 malus
1273 1953 1325 1988 vir
1351 1952 1481 1988 bonum
1510 1952 1650 2001 quando
1677 1964 1716 1989 se
1748 1954 1851 1990 Vinc.

356 2010 454 2046 Bell.
477 2020 534 2055 sp.
556 2010 591 2044 d.
613 2008 652 2054 4,
677 2007 753 2044 129
882 2013 968 2043 tunc
988 2008 1088 2055 peior
1109 2013 1177 2052 est,
1198 2017 1317 2054 supra
1339 2019 1416 2044 scr.
1439 2008 1493 2045 vel
1514 2010 1687 2056 pessimus
1709 2009 1746 2044 Ε
1776 2032 1777 2035 =

352 2065 431 2101 318
462 2064 544 2100 dum
575 2064 815 2110 Goclofreclus
967 2073 1113 2099 somnus
1142 2063 1192 2098 F.-
1229 2073 1401 2111 sompnus
1431 2063 1477 2110 0,
1499 2074 1608 2100 sonus
1639 2064 1706 2100 PR

353 2121 432 2157 319
464 2125 519 2156 est
541 2120 622 2156 FC.-
652 2120 696 2155 sit
718 2119 785 2155 PR
900 2118 1040 2166 quoties
1063 2118 1249 2154 Erasmus
1379 2119 1460 2156 320
1490 2119 1519 2156 0
1547 2119 1652 2156 Vinc.
1675 2119 1773 2156 Bell.
1794 2130 1851 2166 sp.

351 2177 386 2211 cl.
409 2175 447 2222 5,
472 2175 547 2211 121
681 2174 760 2211 321
793 2185 920 2210 munus
941 2174 1001 2221 qui
1022 2174 1129 2209 mittit
1151 2174 1295 2210 Gruter
1414 2174 1463 2210 nil
1485 2175 1689 2212 Erasmus.-
1718 2173 1803 2211 nihil
1823 2174 1854 2212 L

464 2230 543 2267 322
577 2230 642 2266 EC
671 2230 773 2266 Vinc.
797 2229 893 2265 Bell.
916 2240 971 2275 sp.
993 2230 1029 2264 d.
1051 2228 1098 2274 4,
1122 2227 1183 2265 74.
1211 2228 1300 2266 136.
1324 2229 1370 2275 6,
1396 2229 1443 2265 12
1566 2230 1656 2266 ῑίιιιίῑ
1675 2230 1721 2276 Ρ,
1744 2229 1853 2266 samu·

353 2286 446 2321 latur
465 2285 651 2330 dominus,
675 2284 732 2319 ubi
755 2285 854 2320 timet
876 2283 1003 2331 quibus
1023 2284 1172 2331 imperat
1191 2295 1338 2332 prorsus
1364 2285 1396 2321 T
1523 2284 1602 2322 323
1636 2284 1693 2332 Cf.
1717 2298 1749 2322 v.
1773 2284 1851 2321 222
1920 2324 1922 2326 ,

465 2351 567 2388 mage
589 2341 749 2376 Gruter.-
779 2340 890 2387 magis
914 2339 991 2379 LC‚·
1020 2339 1131 2387 magis
1153 2339 1255 2376 heres
1278 2338 1367 2376 fidus
1388 2339 1568 2377 Pithoeus
1655 2339 1759 2378 ‘324
1789 2339 1857 2377 EG
1920 2374 1925 2381 ,
1948 2356 1956 2364 ¹

370 2396 475 2432 Vino.
506 2396 604 2432 Bell.
633 2405 693 2442 sp.-
719 2396 754 2430 d.
785 2395 830 2440 5,
856 2395 917 2431 10.
945 2405 1002 2440 sp.
1025 2399 1106 2431 nal.
1130 2394 1204 2441 31,
1229 2395 1305 2432 115
1445 2396 1480 2431 in
1509 2407 1577 2432 om.
1613 2396 1714 2433 Vinc.

358 2451 437 2487 325
468 2450 631 2499 voluptas
661 2451 867 2486 Erasmus:
898 2449 1059 2486 voluntas
1081 2448 1145 2485 LC
1281 2450 1402 2487 alienis
1431 2450 1641 2488 adsuescere
1669 2452 1853 2487 Erasmus
1923 2441 1956 2460 ‘³

468 2506 547 2543 326
580 2506 635 2552 Cf.
666 2518 698 2542 υ.
722 2505 801 2542 408
934 2504 1067 2553 periclo
1096 2506 1258 2542 Gruter.-
1287 2505 1444 2554 periculo
1473 2506 1588 2553 LEO,
1617 2517 1745 2554 magno
1772 2516 1851 2542 cum

356 2561 512 2609 periculo
535 2563 732 2597 Erasmus.
775 2561 932 2597 Hieron.
955 2562 1037 2597 adv.
1061 2561 1179 2597 Iovin.
1199 2562 1261 2598 lib.
1284 2562 1309 2598 I
1325 2563 1394 2598 sub
1412 2563 1479 2608 fin.
1539 2559 1713 2598 ‘Difficile
1732 2566 1852 2605 cusjo·

355 2616 470 2663 ditur,
500 2616 596 2664 quod
624 2616 743 2664 plures
771 2616 916 2651 amant?
1050 2616 1129 2652 328
1159 2616 1307 2653 doctore
1329 2615 1471 2654 PbRC:
1498 2615 1681 2653 doctorem
1701 2616 1772 2661 Pa,
1793 2615 1852 2651 da-

356 2678 433 2707 tore
456 2673 500 2718 F,
522 2672 681 2708 doctrina
703 2672 890 2707 Erasmus
1028 2671 1107 2707 329
1140 2671 1198 2719 Cf.
1222 2684 1252 2708 v.
1276 2671 1339 2708 77.
1365 2673 1444 2709 170
1584 2671 1740 2707 misereri
1760 2671 1851 2707 scire

356 2730 504 2764 restitui
522 2738 574 2764 ex
595 2727 687 2764 RE:
717 2727 834 2762 miseri
855 2727 945 2762 scire
966 2727 1017 2772 P,
1047 2727 1220 2763 miseriam
1241 2727 1376 2764 nescire
1398 2728 1433 2764 F
1450 2727 1657 2771 Erasmus,
1685 2726 1850 2762 miserum

355 2789 409 2818 cst
436 2784 512 2818 sine
533 2782 691 2831 periculo
713 2782 848 2818 nescire
870 2783 984 2818 vivere
1006 2782 1035 2818 C
1144 2782 1275 2830 periclo
1298 2782 1456 2820 Gruter.-
1485 2781 1643 2830 periculo
1665 2781 1714 2826 L,
1745 2786 1799 2818 est
1818 2792 1848 2817 s.

357 2850 390 2884 p.
414 2839 528 2874 vivere
550 2839 737 2874 Erasmus
867 2837 949 2874 330
978 2837 1046 2873 Eo
1073 2837 1175 2874 Vino.
1203 2838 1295 2875 eeu.
1324 2848 1380 2885 sp.
1407 2838 1442 2874 α.
1465 2837 1511 2883 5,
1536 2835 1627 2873 104.
1649 2847 1706 2883 sp.
1725 2848 1763 2873 n.
1783 2836 1850 2883 31,
1927 2807 1956 2872 ‘J

361 2893 449 2927 101.
494 2893 553 2939 Cf.
579 2893 665 2932 Sen.
689 2896 796 2939 epist.
821 2892 887 2938 23,
916 2893 963 2928 10
983 2891 1083 2929 ‘Male
1104 2893 1245 2938 vivunt,
1267 2894 1326 2940 qui
1347 2903 1488 2941 semper
1507 2892 1623 2928 vivere
1643 2889 1846 2940 incipiunt!
1878 2933 1884 2935 ξ
1953 2928 1956 2931 1
