1956 3308
677 285 1041 317 PROLEGOMENA.
1564 276 1617 318 37

43 431 46 433 Α
212 383 392 427 Saeculo
421 384 665 440 undecimo,
696 388 770 444 qui
801 387 1112 430 sententiarum
1143 388 1358 444 epitomen
1377 387 1617 430 Parisinam

26 498 45 505 ..
45 450 185 523 (Ε)
215 451 463 510 descripsit,
494 454 540 495 in
568 453 653 496 fine
683 454 909 497 subiunxit
937 455 1066 497 haec:

238 547 350 586 Idem
379 547 468 586 velle
497 551 532 586 et
558 549 661 587 idem
687 550 786 588 nolle
814 560 860 588 ea
889 550 1042 588 demum
1067 550 1098 596 f
1098 562 1187 587 rma
1215 550 1388 588 amic-iiia
1418 553 1482 588 est.

238 613 339 666 Non,
361 617 545 654 exereitus
573 628 694 665 neque
722 617 892 655 thesauri
914 617 1116 664 praesidia
1145 618 1256 666 regni
1284 610 1386 656 sunt.

4 677 42 758 ,gf-'1¹'
95 689 213 742 haud
243 698 376 743 dubie
405 716 462 743 ex
490 701 687 745 Sallustii
715 700 904 744 Catilina
923 702 979 745 20
1009 709 1052 744 et
1081 702 1300 758 Jugurtha
1323 703 1388 757 10,
1419 717 1498 745 nec
1528 718 1614 745 ma-

95 769 164 824 gis
206 767 410 822 dubium,
454 770 560 826 quin
589 770 730 828 prima
757 784 886 811 manu
916 769 972 812 ab
1001 771 1096 828 ipso
1126 769 1304 812 librario
1333 770 1483 812 addita
1512 771 1613 823 sint,
1657 803 1663 809 .

96 850 194 878 cum
224 836 340 878 idem
369 835 444 878 ille
473 836 614 880 codex
643 837 863 879 contineat
893 836 1089 880 Sallustii
1118 836 1350 880 Catilinam
1380 844 1422 880 et
1452 838 1480 880 J
1485 853 1613 893 ugur-

18 958 19 962 Ἰ
93 903 228 946 tham.
287 903 518 962 Sequentis
549 903 732 959 saeculi,
771 904 1039 960 duodecimi,
1069 911 1225 947 testem
1253 905 1468 962 proferam
1498 905 1613 947 codi-

8 971 23 1017 ,ἶ
95 986 189 1013 cem
217 971 497 1026 Bernensem,
528 972 680 1029 inquo
700 972 786 1014 iam
806 971 937 1015 latius
958 973 1122 1030 serpsit*
1135 972 1317 1014 malum:
1348 972 1480 1015 habet
1501 974 1614 1015 enim

8 1080 18 1093 4,
92 1054 181 1083 non
209 1038 348 1082 solum
378 1038 488 1081 duas
518 1040 755 1082 sententias
787 1040 928 1083 codici
948 1039 1195 1094 Basiliensi,
1226 1046 1274 1082 ut
1303 1039 1430 1082 modo
1450 1041 1613 1083 monui-

55 1120 59 1123 ·
92 1121 203 1161 mus,
232 1106 492 1163 adscriptas,
528 1106 606 1149 sed
635 1114 737 1150 ante
766 1122 810 1149 v,
844 1108 943 1151 159:

147 1200 450 1239 Excusationem
479 1203 621 1240 uitium
646 1188 850 1251 quaerere,
880 1203 946 1241 sed
975 1203 1150 1250 delinque
1179 1204 1311 1241 omnia
1340 1203 1392 1240 ad
1421 1203 1543 1241 deum.

147 1266 374 1307 Hemosina
402 1280 483 1307 non
511 1272 592 1307 tam
621 1271 894 1318 accipientibus
915 1271 1072 1318 prodest
1101 1282 1218 1318 quam
1247 1271 1443 1314 dantibus,

148 1339 183 1375 et
209 1347 296 1384 spes
316 1337 487 1384 praemii
515 1337 697 1375 solatium
722 1338 768 1384 fit
797 1338 952 1388 laboris,

30 1400 39 1422 *⁷-
73 1421 222 1470 ⁴ducta
251 1436 308 1463 ex
325 1421 654 1465 Pseudoseneca
683 1422 738 1465 de
767 1423 958 1465 moribus
986 1426 1013 1477 ξ
1033 1423 1101 1465 80.
1122 1423 1192 1466 55.
1213 1422 1290 1477 563
1320 1427 1422 1464 ante
1443 1437 1485 1464 v,
1509 1422 1609 1465 178:

20 1490 33 1540 ]
165 1503 168 1506 ·
203 1489 344 1533 Γαοία
380 1490 570 1545 (emend.
608 1490 757 1548 Ficta)
805 1493 881 1533 cito
921 1493 979 1534 ad
1013 1494 1215 1533 naturam
1250 1504 1373 1532 suam
1410 1491 1609 1542 recidunt,

24 1559 47 1606 «ζ’
91 1557 321 1616 desumpta
350 1573 406 1600 ex
436 1557 602 1601 Seneca
631 1557 686 1600 de
716 1557 838 1600 clem.
874 1560 918 1612 1,
954 1561 996 1613 1,
1028 1559 1075 1612 63
1107 1564 1205 1615 post
1235 1572 1277 1598 v.
1308 1557 1389 1599 221
1422 1557 1609 1600 Pseudo-

34 1620 46 1652 j
91 1640 182 1668 sen.
203 1625 259 1668 de
287 1641 395 1668 mor.
416 1626 487 1680 48,
519 1626 706 1683 denique
734 1633 833 1683 post
863 1641 904 1671 v,
925 1626 1008 1668 252
1029 1625 1294 1668 Pseudosen.
1325 1624 1380 1666 de
1409 1639 1515 1667 mor.
1538 1626 1606 1668 68.

21 1693 48 1758 ἠ·
90 1693 158 1736 69.
190 1693 258 1736 72.
289 1693 358 1736 72.
388 1694 457 1736 62.
487 1694 556 1736 63.
587 1694 656 1736 64.
1405 1745 1412 1752 ,

39 1808 41 1810 ,
71 1803 74 1806 ⁴
203 1760 347 1815 Quam
388 1761 662 1819 interpolatis
707 1761 929 1804 codicibus
972 1776 1075 1803 usus
1124 1761 1182 1803 sit
1225 1755 1396 1802 saeculo
1441 1759 1608 1803 decimo

40 1849 41 1854 ’
90 1829 219 1872 tertio
238 1829 467 1872 Vicentius
489 1829 827 1883 Bellovacensis,
859 1843 916 1871 ex
944 1828 1117 1886 speculo
1148 1827 1379 1871 doctrinali
1408 1827 1509 1870 licet
1539 1843 1605 1871 co-

32 1896 51 1949 ᾗ
89 1907 310 1953 gnoscere.
368 1897 577 1954 Legimus
609 1898 722 1940 enim
754 1911 867 1954 spec.
900 1895 942 1938 d.
973 1897 1014 1951 5,
1038 1897 1093 1939 43
1124 1896 1237 1938 inter
1269 1895 1499 1952 proverbia
1530 1896 1605 1938 Sa-

4 1991 9 2024 3
89 1964 283 2023 pientum
314 1964 391 2023 (cf.
422 1980 554 2023 supra
583 1981 656 2023 pg.
687 1966 741 2007 21
773 1965 904 2020 extr.)

78 2032 83 2051 ζ
446 2031 457 2035 -
502 2059 742 2099 Consuetudo
772 2063 825 2098 est
853 2060 975 2098 altera
1003 2062 1160 2104 natura,

35 2138 44 2186 ἶ
89 2154 201 2204 quae
219 2140 356 2189 verba
374 2161 456 2189 nec
476 2147 697 2189 senarium
713 2145 907 2204 implent,
939 2160 1018 2187 nec
1038 2144 1218 2187 Publilii
1238 2150 1352 2199 sunt,
1384 2144 1461 2186 sed
1482 2144 1603 2187 Cice-

42 2216 54 2259 ff
80 2214 292 2272 v1’011is.de
321 2214 395 2256 fin.
416 2214 457 2269 5,
479 2215 544 2258 25.
603 2214 728 2256 Idem
753 2214 915 2256 erravit
935 2213 1084 2255 codice
1105 2213 1310 2270 deceptus
1330 2226 1445 2269 spec.
1467 2212 1603 2254 doctr

54 2288 61 2307 ⁷
83 2281 255 2337 .4‚165:
286 2281 359 2324 Em
378 2297 499 2337 prov.
522 2282 622 2336 Sap.
648 2283 786 2325 Tenue
814 2282 1077 2324 mendacium
1102 2281 1293 2335 perlucet,
1322 2282 1361 2322 si
1389 2280 1604 2334 diligenter

44 2367 49 2379 ³
80 2351 328 2404 'maeri-3,
360 2356 403 2392 et
432 2364 546 2407 spec.
578 2349 717 2393 doctr.
748 2351 789 2404 4,
820 2349 897 2392 56.
930 2348 1001 2390 Ex
1022 2363 1142 2403 prov.
1173 2347 1273 2402 Sap.
1307 2347 1431 2390 Intus
1460 2348 1604 2390 onmea

45 2410 312 2461 f·;dissimilia
340 2419 438 2470 sint,
465 2418 586 2472 frons
608 2418 766 2472 populo
795 2421 934 2460 nostro
964 2417 1191 2468 conveniat,
1219 2416 1393 2471 ignarus
1416 2414 1603 2458 Senecae

50 2483 164 2527 uilla
193 2499 309 2540 esse,
341 2486 468 2543 epist.
500 2485 576 2540 79,
610 2485 662 2528 18
693 2491 735 2527 et
764 2485 813 2540 5,
844 2485 890 2539 2,
924 2484 1040 2541 quod
1070 2490 1170 2526 ante
1209 2498 1304 2525 eum
1334 2483 1419 2524 iam
1450 2482 1602 2524 Ioanni

52 2551 408 2609 3⁴Saresberiensi
436 2554 654 2596 acciderat
683 2553 808 2610 epist.
840 2552 926 2595 vol.
957 2551 1018 2594 ΙΙ.
1048 2566 1120 2608 pg.
1141 2552 1223 2594 257
1255 2549 1456 2592 editionis
1487 2550 1600 2591 Oxo-

54 2613 271 2664 3niensis:
301 2623 424 2664 iuxta
443 2620 657 2676 Sapiemz's
676 2622 852 2663 edietum
874 2619 1110 2676 (dietunst),
1131 2618 1274 2661 Frons
1286 2618 1440 2672 populo
1461 2620 1597 2660 nostro

56 2677 312 2741 Ξάρηυειιὶᾰῦ,
342 2690 460 2732 intus
488 2690 632 2732 omnia
661 2688 884 2731 dissirm’lia
912 2688 1007 2730 sint.

151 2764 154 2766 ’
198 2755 320 2798 Haec
349 2755 570 2799 sufficiant
599 2754 654 2797 de
683 2755 819 2797 initiis
851 2753 1207 2811 interpolationis.
1250 2750 1435 2796 ,Saeculo
1455 2758 1622 2810 autem·

53 2821 254 2886 ,decimo
284 2830 438 2882 quarto
469 2838 562 2866 eam
590 2831 677 2866 non
708 2829 806 2864 tam-
825 2822 956 2864 arctis
983 2821 1146 2863 finibus
1177 2835 1223 2862 se
1253 2818 1515 2862 continuisse
1534 2818 1597 2860 fa-

16 2918 17 2923 =
52 2913 83 2950 'f
84 2875 168 2945 nile
187 2890 442 2949 explicatur.
502 2891 769 2934 Excitabat
758 2905 853 2948 ipsa
873 2889 1181 2931 sententiarum
1202 2888 1423 2944 inscriptio
1452 2887 1597 2929 ‘Sene-

52 2961 81 3001 f
74 2970 164 3003 eae
192 2958 442 3017 proverbia'
474 2959 686 3014 librarios,
717 2965 766 3002 ut
795 2973 851 3001 ex
881 2957 1071 3001 Senecae
1100 2955 1224 3000 libris
1254 2954 1340 2998 alia
1368 2953 1596 3010 adderent,
