1956 3308
400 224 424 261 (ἱ
968 224 1323 259 PROLEGOMENA.

402 332 524 388 plane
553 331 743 372 diversos
773 344 796 370 a
827 330 978 370 ceteris
1010 326 1253 369 comoediae
1291 325 1541 380 generibus,
1572 336 1677 366 ‘cum
1708 333 1750 368 et
1778 327 1892 369 iusto

402 397 569 439 fabulae
599 402 847 449 argumento
880 400 1083 445 carerent,
1116 407 1193 433 nec
1223 393 1266 433 in
1297 393 1543 433 universum
1575 392 1618 432 in
1648 406 1802 434 scaena
1823 394 1895 448 agi

402 463 596 504 solerent,
656 462 789 502 Immo
829 475 935 516 quae
971 459 1025 499 de
1062 458 1147 500 illis
1178 471 1417 499 scurrarum
1446 457 1638 499 artificiis
1668 460 1895 500 memoriae
1928 466 1930 468 '

1947 375 1956 534 ..‚.·....-⁴.„2
1945 214 1956 324 „aum-.-
1948 147 1956 196 ..αα

402 529 570 586 prodita
606 533 724 579 sunt,
762 527 867 567 satis
904 524 1121 577 declarant
1151 526 1194 566 in
1224 523 1462 565 exercenda
1489 531 1581 565 arte
1610 525 1780 567 mimica
1809 540 1894 567 non

403 596 532 637 fuisse
561 594 696 635 locum
727 593 811 634 nisi
841 593 913 632 uni
944 591 1089 633 actori.
1149 590 1221 633 Sic
1242 590 1430 632 Eudicos
1460 590 1626 646 pugiles
1649 596 1689 633 et
1713 591 1894 634 athletas
1952 592 1956 624 i

403 661 559 703 imitari
589 658 751 701 solebat
783 658 958 713 (Athen.
985 659 1020 710 1,
1045 657 1095 699 19
1116 657 1185 711 F),
1218 658 1280 698 sic
1302 656 1499 698 Oenonas
1519 656 1681 699 Ulixen
1708 672 1784 714 per
1803 657 1893 700 lon·
1952 684 1956 686 -

402 742 477 782 gos
516 740 677 767 errores
716 725 846 781 patrii
883 724 1087 765 sermonis
1125 723 1304 764 oblitum
1340 729 1381 764 et
1418 722 1600 764 barbara
1638 723 1894 780 loquentem,
1953 722 1956 723 ⁷

403 794 464 834 sic
493 790 740 832 Theodorus
770 790 1052 831 trochlearum
1083 790 1290 845 crepitum
1325 789 1456 843 (Plut.
1488 788 1541 830 de
1569 790 1667 831 aud.
1698 797 1810 846 poet.
1846 791 1895 832 18
1953 796 1956 798 ’

405 859 480 912 Β),
519 859 580 899 sic
609 858 846 898 Parmenon
877 870 992 897 suem
1022 855 1320 911 grundientem
1351 854 1482 910 (Plut.
1514 863 1675 911 quaest.
1707 871 1896 914 sympos.

402 925 484 966 674
498 924 548 977 B,
572 923 855 977 Paroemiogr.
877 923 1032 977 graeci,
1056 921 1121 962 ed.
1136 921 1338 974 Leutsch,
1354 921 1536 978 append.
1554 921 1694 975 11.87,
1713 922 1894 964 Phaedr.

403 990 486 1032 fab.
515 991 555 1042 5,
585 989 644 1043 5),
675 990 738 1029 sic
768 990 895 1030 etiam
926 989 1093 1030 saeculo
1124 995 1273 1044 quarto
1304 1003 1344 1043 p.
1378 987 1476 1030 Chr.
1508 994 1691 1030 exeunte
1721 989 1892 1031 Marcus

403 1055 575 1113 quidam
606 1054 926 1110 quadrupedum
956 1061 997 1096 et
1016 1055 1161 1096 avium
1182 1068 1308 1096 voces
1329 1061 1437 1096 teste
1457 1054 1651 1096 Ausonio
1673 1057 1806 1112 epigr.
1830 1056 1896 1098 76.

402 1122 527 1164 Mitto
557 1121 681 1162 alios:
715 1136 811 1162 nam
832 1120 1138 1162 interciderunt
1159 1122 1342 1172 nomina,
1373 1126 1420 1162 ut
1449 1119 1584 1172 illius,
1615 1124 1686 1175 qui
1707 1124 1897 1176 primum

406 1190 557 1230 invmu't
585 1188 809 1229 causidicos
838 1188 998 1228 incitari
1029 1187 1175 1242 (Jahn,
1207 1201 1320 1243 spec.
1353 1187 1486 1242 epigr.
1517 1202 1556 1243 p.
1588 1187 1656 1240 38,
1688 1187 1741 1228 N.
1776 1189 1891 1244 107),

405 1253 473 1294 vel
511 1254 583 1309 qui
623 1252 761 1294 ebrios
792 1253 968 1307 (Athen.
1004 1254 1072 1306 14,
1105 1253 1206 1306 621,
1239 1252 1307 1307 C).
1366 1252 1434 1295 Cf.
1465 1252 1614 1295 Jahnii
1643 1253 1808 1310 Proleg.
1838 1254 1894 1296 ad
1954 1279 1956 1281 -

404 1321 595 1361 Persium
618 1335 686 1376 pg.
709 1319 951 1361 LXXXIV
972 1335 1063 1376 sqq.
1086 1326 1127 1361 et
1147 1319 1329 1375 Grysari
1348 1318 1540 1360 libellum
1570 1318 1661 1361 ‘der
1687 1320 1899 1363 romische
1954 1346 1956 1348 -

403 1386 578 1428 Mimus'
610 1401 678 1442 pg.
711 1387 734 1427 7
756 1401 847 1442 sqq.
907 1385 995 1438 Qui
1024 1385 1100 1428 tali
1129 1385 1255 1427 modo
1284 1386 1418 1427 risum
1447 1385 1692 1439 movebant,
1724 1388 1900 1444 proprie
1944 1381 1947 1384 ’

405 1452 656 1509 dicebantur
686 1454 855 1494 mimzmz
885 1467 1024 1506 προφω·
1054 1453 1171 1494 mimi
1195 1451 1299 1493 dicti
1321 1458 1419 1493 sunt
1441 1458 1482 1494 et
1503 1467 1675 1494 scurrae
1696 1459 1738 1494 et
1758 1455 1899 1510 ipsum
1937 1450 1956 1519 ‘⁷

404 1517 632 1575 spectaculi
661 1532 813 1573 genus:
849 1518 923 1560 sed
951 1533 1182 1575 numquam
1211 1518 1370 1573 singuli
1401 1533 1551 1560 versus
1580 1520 1806 1561 mimorum
1825 1535 1898 1563 no-

405 1599 499 1626 men
538 1584 789 1626 habuerunt.
850 1585 1029 1636 Mivms,
1069 1592 1117 1626 ut
1151 1585 1214 1626 ait
1243 1584 1473 1626 Diomedes
1513 1587 1573 1641 (p.
1604 1585 1707 1639 491,
1742 1586 1792 1628 13
1821 1586 1899 1641 Κ.)

403 1655 458 1693 est
485 1653 681 1692 sernwm's
710 1652 920 1693 cuiuslibet
946 1655 984 1692 et
1011 1655 1142 1693 motus
1168 1653 1257 1694 sine
1285 1653 1522 1701 reverentie,
1553 1653 1613 1694 vel
1629 1652 1835 1704 factorum
1855 1657 1893 1694 et

404 1717 651 1773 [dictorum]
688 1719 870 1770 turpiwn
907 1731 998 1758 cum
1037 1718 1207 1759 lascivia
1243 1719 1441 1768 imitatae,-
1485 1719 1665 1771 παίγνια
1709 1718 1897 1775 appellat

405 1782 654 1825 Plutarchus
686 1790 847 1839 quaest.
869 1798 1056 1840 sympOS.
1079 1784 1118 1835 7,
1141 1783 1180 1836 8,
1201 1784 1242 1824 4.
1301 1783 1476 1825 Scurras
1497 1784 1623 1826 modo
1651 1785 1695 1825 in
1716 1785 1899 1839 circulis,

405 1850 601 1893 adstante
640 1849 860 1905 plebecula
898 1849 1120 1906 spectandi
1156 1850 1333 1906 cupida,
1371 1857 1506 1892 artem
1542 1850 1751 1892 ludicram
1781 1866 1901 1895 exer-

406 1917 558 1969 cuisse,
589 1916 713 1957 modo
743 1916 787 1956 in
817 1916 1028 1958 conviviis
1059 1917 1243 1958 divitum
1273 1930 1367 1958 cum
1395 1930 1471 1972 per
1491 1930 1536 1958 se
1556 1924 1900 1973 consentaneum,
1951 1964 1953 1966 ,

408 1990 496 2024 tum
539 1981 837 2024 nonnullorum
885 1989 1104 2024 auctorum
1151 1983 1405 2024 testimoniis
1451 1983 1771 2039 comprobatum
1815 1990 1902 2039 est3
1950 1987 1956 2034 j

408 2047 567 2090 Sullam
598 2049 806 2104 imprimis
837 2049 961 2090 huius
992 2049 1155 2090 farinae
1186 2050 1325 2091 mimis
1346 2055 1388 2091 et
1409 2049 1697 2092 saltatricibus
1719 2049 1899 2093 delecta·
1954 2047 1956 2089 j

406 2121 495 2156 tum
525 2129 617 2155 esse
645 2121 792 2156 auctor
823 2122 887 2156 est
916 2114 1170 2157 Plutarchus
1200 2116 1243 2156 in
1274 2116 1364 2156 vita
1393 2115 1551 2169 Sullae,
1583 2130 1675 2172 cap.
1706 2117 1732 2159 2
1763 2123 1804 2158 et
1832 2117 1907 2171 36.ἦ
1954 2135 1956 2163 ;

410 2180 526 2221 Haec
558 2180 760 2222 hactenus
785 2181 838 2222 de
857 2181 989 2222 altero
1011 2182 1233 2222 mimorum
1253 2196 1422 2237 genere,
1454 2181 1567 2238 quod
1587 2183 1758 2239 proprie
1779 2189 1903 2226 extra
1932 2190 1956 2215 ’ἱ

408 2261 602 2289 scaenam
630 2247 848 2301 agebatur.

518 2313 667 2369 Neque
696 2320 839 2355 tamen
868 2313 1107 2355 mirandum
1135 2320 1199 2356 est
1229 2315 1273 2355 in
1302 2314 1467 2356 theatra
1496 2329 1663 2371 quoque
1690 2315 1902 2366 admissos
1951 2322 1956 2351 ἓ

408 2393 500 2421 csse
528 2380 694 2433 mimos,
725 2379 799 2421 ubi
829 2386 902 2421 aut
922 2378 1094 2421 embolii
1114 2387 1187 2421 aut
1208 2380 1353 2423 exodii
1374 2381 1470 2422 vice
1489 2381 1779 2437 fungerentur.
1829 2380 1895 2424 Of.

408 2446 505 2486 Liv.
538 2446 582 2497 7,
613 2446 659 2498 2,
696 2447 757 2486 11.
817 2445 908 2487 Iam
947 2446 1015 2486 fac
1053 2445 1138 2500 illi,
1177 2447 1249 2502 qui
1284 2446 1493 2488 muliones
1531 2447 1690 2490 imitari
1724 2446 1901 2501 solebat,
1947 2443 1956 2496 ἕ

408 2512 596 2564 (Petron.
629 2512 716 2553 Sat.
747 2511 820 2566 68)
859 2518 1027 2567 praesto
1057 2512 1190 2554 fuisse
1219 2512 1401 2567 mulum,
1440 2512 1507 2554 fac
1538 2512 1622 2566 illi,
1661 2514 1735 2570 qui
1765 2513 1922 2555 causb.

408 2577 525 2619 dicos
556 2576 877 2631 ludificabatur,
917 2578 1158 2631 adstitisse,
1191 2593 1315 2635 quem
1345 2594 1500 2635 magna
1530 2594 1634 2622 voce
1663 2580 1902 2636 increparet

411 2643 478 2684 vel
518 2645 591 2699 qui
629 2644 817 2685 accusati
849 2651 990 2700 partes
1019 2652 1185 2700 ageret:
1225 2660 1277 2686 en
1307 2646 1418 2687 iacta
1447 2652 1545 2687 sunt
1573 2647 1697 2688 initia
1725 2643 1900 2701 dialogi,

345 2709 347 2712 ’
410 2710 481 2764 qui
513 2711 605 2765 ipse
634 2710 839 2751 dramatis
871 2712 990 2766 quasi
1021 2711 1115 2753 fons
1146 2726 1239 2753 esse
1268 2718 1383 2753 recte
1412 2712 1639 2754 iudicatur.
1690 2711 1790 2754 Huc
1809 2724 1901 2768 per·
1950 2717 1956 2766 g

411 2776 536 2827 tinet,
576 2776 689 2831 quod
726 2776 971 2818 Athenaeus
1015 2778 1084 2829 10,
1113 2777 1197 2819 452
1233 2777 1269 2818 F
1309 2778 1501 2819 narravit
1537 2778 1591 2819 de
1628 2777 1902 2820 Ischomache
1948 2799 1953 2823 ,-

411 2842 558 2882 mimo:
591 2842 803 2883 imitatum
833 2857 926 2884 eum
958 2856 1051 2884 esse
1081 2842 1292 2885 hominem
1322 2843 1527 2886 rusticum
1557 2844 1657 2885 vino
1683 2841 1902 2900 epulisque
