1956 3308
384 225 437 264 6ss
797 235 996 265 mmmm
1029 235 1130 267 srm
1162 233 1460 266 semma-mn.

495 336 565 376 Ad
596 336 763 376 tristem
796 322 957 391 partem
990 341 1161 375 strenua
1191 340 1255 375 est
1285 334 1484 390 suspicio.

492 402 622 442 Amcs
653 408 885 457 parentem,
918 401 953 441 si
982 408 1143 455 ac'quus
1174 406 1259 441 est:
1291 401 1327 441 si
1356 399 1494 454 aliter,
1526 400 1652 442 feras.

491 468 699 523 Aspiccre
729 473 908 523 oportet,
941 465 1150 522 quidquid
1181 467 1318 522 possis
1347 466 1541 522 perdere.

413 539 462 574 10
491 534 632 574 Amici
663 533 769 574 vitia
799 533 836 573 si
867 532 994 584 ferm,
1025 532 1156 573 facias
1186 538 1272 573 tua.

489 598 688 640 Alienum
718 612 790 639 aes
820 598 980 639 homini
1010 599 1194 653 ingenuo
1223 598 1379 640 acerba
1408 605 1472 640 est
1502 599 1700 640 servitus.

489 665 725 706 Absentem
754 664 900 717 laedit,
932 679 1028 706 cum
1058 664 1176 707 ebrio
1208 666 1281 721 qui
1310 664 1465 720 litigat.

488 732 650 773 Amans
680 734 813 773 iratus
844 730 976 772 multa
1004 732 1208 772 mentitur
1237 731 1335 773 sibi.

486 798 657 839 Avarus
687 799 780 854 ipse
809 798 1007 839 miseriae
1037 812 1163 838 causa
1194 804 1257 839 est
1287 812 1400 839 suae.

408 870 457 905 15
488 865 650 906 Amans
682 863 787 919 quid
817 865 963 921 cupiat
993 865 1087 918 scit,
1118 863 1223 920 quid
1254 865 1392 920 sapiat
1420 878 1505 905 non
1536 864 1669 905 videt.

486 931 644 972 Amans
676 930 789 986 quod
820 931 1073 987 suspicatur,
1106 929 1291 985 vigilans
1321 931 1518 972 somniat.

487 996 558 1038 Ad
589 995 873 1038 calamitatem
904 995 1084 1052 quilibet
1113 1011 1256 1038 rumor
1284 996 1413 1038 valet..

484 1064 618 1106 Amor
647 1064 894 1119 extorqueri
922 1078 1007 1104 non
1036 1069 1150 1120 pote,
1182 1061 1294 1106 elabi
1322 1069 1435 1119 pote.

486 1130 557 1171 Ab
587 1136 757 1171 amante
786 1129 974 1171 lacrimis
1005 1130 1191 1171 redimas
1222 1129 1500 1172 iracundiam.

407 1200 460 1238 20
487 1196 650 1252 Aperte
680 1195 791 1237 mala
821 1211 914 1237 cum
947 1203 1011 1238 est
1040 1196 1205 1249 mulier,
1236 1203 1326 1238 tum
1357 1195 1525 1236 demum
1556 1201 1621 1237 est
1649 1195 1774 1238 bona.

376 1344 551 1371 comens
581 1346 613 1370 v.
639 1334 791 1369 1—34:
821 1333 1118 1381 PRBFVOE'C)

485 1423 507 1458 7
539 1435 608 1459 om.
630 1424 697 1459 Pb.
813 1428 984 1458 strennua
1010 1424 1045 1459 R
1060 1423 1276 1459 VErasmus
1388 1428 1443 1459 est
1464 1423 1635 1460 Senecae
1662 1424 1772 1460 editio
1792 1423 1869 1460 Ba-

373 1481 535 1515 siliensis
555 1481 648 1514 anni
668 1477 789 1524 1515,
810 1479 1034 1515 Fabricius:
1065 1490 1132 1515 om.
1153 1479 1183 1514 L
1282 1484 1346 1514 str.
1370 1489 1399 1514 s.
1421 1477 1572 1515 debetur
1593 1478 1622 1515 G
1640 1499 1644 1502 -
1731 1478 1755 1515 8
1785 1478 1872 1515 Dio-

374 1536 472 1581 nysii
492 1534 642 1570 Catonis
662 1534 762 1569 brev.
785 1537 880 1570 sent.
902 1533 957 1571 40
977 1532 1158 1570 ‘Parentes
1179 1534 1346 1581 patientia
1367 1532 1482 1569 vince’
1599 1539 1654 1570 est
1673 1534 1710 1569 B
1729 1543 1805 1571 sec.
1826 1545 1872 1571 m.
1938 1565 1942 1569 .

373 1601 493 1635 supra
523 1600 690 1633 versum,
722 1589 775 1624 sin
804 1589 906 1624 aliter
927 1589 971 1634 0,
1002 1590 1223 1634 Fabricius,
1253 1591 1352 1626 unde
1372 1590 1638 1626 Froehliche‘us
1666 1590 1824 1626 coniecit
1842 1589 1872 1625 si

372 1655 526 1692 aequus;
555 1645 608 1680 sin
628 1644 729 1680 aliter
749 1644 854 1680 seras.
941 1644 1031 1681 alter
1050 1646 1108 1681 Pa
1130 1646 1317 1681 Erasmus
1428 1645 1451 1679 9
1483 1645 1649 1693 Aspicere
1668 1643 1707 1691 (i.
1728 1654 1760 1680 e.
1784 1654 1871 1680 oeu-

371 1702 418 1736 lis
446 1698 651 1745 custodire)
687 1700 802 1736 LEC:
847 1699 1029 1747 despicere
1063 1702 1226 1737 editores
1259 1711 1311 1737 eoe
1344 1702 1563 1736 coniectura
1598 1700 1757 1736 Pithoei.
1813 1689 1870 1747 01⁴.

366 1767 432 1802 pq.
461 1755 511 1792 52
542 1757 668 1804 czdnot.
785 1755 950 1802 quicquid
988 1757 1069 1792 cod.
1103 1756 1208 1792 Trin.
1248 1760 1283 1792 et
1311 1755 1541 1792 Sidneianus
1573 1756 1754 1792 Bentleii.-
1789 1753 1871 1802 quid

373 1810 551 1855 PaREC,
584 1810 681 1858 quod
709 1811 764 1847 Pb
793 1811 867 1846 BF
877 1811 921 1856 V,
959 1822 1050 1858 quae
1077 1810 1127 1848 II.
1158 1811 1376 1857 Stephanus
1489 1811 1602 1858 possit
1630 1810 1665 1846 R
1777 1809 1872 1858 quod

371 1867 489 1914 possis
517 1865 711 1913 deperdere
739 1866 943 1911 Erasmus,
980 1866 1147 1914 quicquid
1176 1866 1268 1902 nolis
1299 1865 1448 1913 perdere
1477 1866 1619 1903 Gruter
1733 1865 1785 1903 10
1813 1864 1870 1912 Cf.

373 1933 404 1957 v.
433 1920 531 1961 474;
570 1923 683 1957 aliter
722 1922 842 1957 Varro
871 1922 975 1968 apud
1002 1922 1159 1958 Gellium
1188 1923 1233 1968 1,
1258 1922 1322 1967 17,
1343 1920 1368 1957 4
1481 1921 1595 1957 Mores
1623 1922 1723 1957 amici
1751 1920 1871 1957 Bothe

483 1977 512 2012 si
540 1977 577 2012 B
603 1978 642 2012 in
669 1987 830 2022 rasura,
865 1976 904 2023 0,
925 1977 1138 2014 Erasmus.-
1169 1978 1235 2013 nisi
1254 1977 1363 2013 PRF'
1373 1977 1454 2022 ΥΕ,
1483 1976 1538 2012 vel
1567 1977 1634 2012 nisi
1661 1976 1698 2012 B
1724 1986 1798 2013 sec.
1821 1986 1868 2012 m.

371 2042 492 2078 supra
515 2043 591 2069 scr.
614 2032 649 2067 ni
677 2032 874 2077 Pithoeus,
906 2032 963 2068 ubi
997 2033 1099 2069 Vino.
1124 2033 1221 2069 Bell.
1243 2043 1300 2078 sp.
1322 2034 1358 2069 d.
1382 2031 1427 2077 5,
1450 2031 1501 2069 89
1614 2028 1638 2053 *
1658 2031 1781 2067 facias:
1810 2040 1870 2067 no-

371 2097 469 2123 cesse
497 2093 551 2123 est
579 2087 684 2122 facias
706 2088 741 2123 B
768 2086 834 2135 (cf.
856 2089 908 2124 ad
926 2100 958 2124 v.
983 2088 1095 2135 671),
1128 2088 1213 2124 sacis
1233 2087 1447 2125 PRFVEG
1476 2088 1579 2124 Vinc.
1609 2087 1715 2123 facies
1735 2086 1868 2123 Bothe.

373 2142 431 2188 Cf.
456 2154 519 2190 pq.
550 2142 600 2178 57
717 2143 765 2178 11
798 2143 1005 2179 Menandri
1029 2143 1190 2180 Monost.
1219 2143 1299 2180 514
1333 2134 1380 2178 τὰ
1413 2137 1554 2179 δάνεια
1587 2134 1750 2186 δούλους
1781 2133 1870 2185 τούς

372 2192 603 2244 ἐλευθέρους
630 2198 739 2232 ποιεῖ
846 2209 904 2234 aes
924 2199 968 2244 P,
995 2199 1194 2235 Pithoeus.-
1224 2209 1390 2248 esssorr.
1414 2209 1466 2236 ex
1485 2203 1540 2234 est
1562 2198 1615 2244 B,
1646 2209 1716 2235 om.
1738 2195 1869 2238 BEV.-

371 2251 481 2288 aliena
502 2253 597 2288 horn.
615 2253 653 2297 C,
678 2253 864 2290 Erasmus
939 2259 994 2289 est
1015 2265 1089 2290 sec.
1112 2266 1159 2290 m.
1175 2265 1259 2301 sup.
1276 2265 1353 2290 scr.
1372 2254 1418 2299 B,
1442 2266 1511 2291 om.
1527 2255 1635 2301 vulyo
1726 2252 1775 2289 1⁶2
1806 2250 1872 2289 Eo

384 2308 485 2343 Vinc.
504 2308 599 2343 Bell.
618 2318 676 2354 sp.
694 2309 731 2344 d.
748 2307 787 2354 4,
802 2309 878 2345 157
971 2308 1090 2346 Semet
1109 2311 1224 2357 ipsum
1245 2309 1334 2346 laed.
1356 2311 1437 2346 cod.
1451 2310 1623 2357 Reyinae
1645 2308 1737 2355 170,
1769 2307 1863 2345 Van·-

372 2373 494 2398 canus
523 2373 626 2399 saec.
658 2363 699 2399 X
722 2362 835 2409 (Bibl.
865 2366 910 2400 de
935 2363 1070 2401 l'e'cole
1095 2367 1162 2401 des
1189 2366 1344 2401 charles
1369 2364 1431 2410 11,
1457 2365 1548 2401 117.
1577 2364 1621 2401 Ρ.
1643 2363 1735 2412 Syri
1758 2363 1865 2407 mni,

372 2428 455 2454 cum
475 2423 552 2455 not.
574 2419 669 2454 Ern.
694 2419 915 2467 Smedbery,
944 2421 1066 2457 denuo
1094 2422 1151 2457 ed.
1175 2421 1257 2457 Em.
1285 2420 1396 2467 Tafel
1419 2418 1521 2457 1841
1535 2447 1546 2466 ‚
1562 2430 1604 2466 p.
1626 2418 1694 2466 52)
1805 2416 1866 2466 qui

369 2484 450 2509 cum
479 2472 576 2509 ebrio
609 2474 710 2515 Vinc.
733 2475 919 2511 Erasmus
1034 2475 1083 2512 13
1116 2476 1174 2522 Cf.
1195 2488 1228 2513 υ.
1252 2475 1330 2512 247
1447 2474 1497 2511 14
1526 2475 1602 2523 ipsa
1629 2475 1777 2512 videtur
1799 2484 1864 2520 pr.

370 2541 416 2564 m.
438 2531 620 2575 scriptum
644 2528 768 2575 fuisse
796 2533 832 2566 in
854 2530 890 2565 B
1006 2530 1055 2567 15
1085 2527 1171 2580 scit]
1203 2536 1264 2567 aut
1285 2531 1314 2568 C
1427 2530 1476 2568 16
1505 2529 1641 2578 viglnns
1662 2529 1717 2574 R,
1745 2529 1783 2564 in
1809 2527 1865 2563 die

372 2584 519 2632 vigilans
542 2584 571 2621 C
683 2585 732 2621 17
764 2596 835 2621 non
858 2585 949 2621 valet
969 2587 1050 2622 cod.
1074 2587 1301 2628 Ber-nensis,
1331 2597 1402 2623 non
1422 2596 1502 2622 rec.
1522 2597 1569 2622 m.
1591 2595 1712 2631 supra
1730 2593 1807 2620 ser.
1831 2581 1866 2618 B

485 2639 533 2676 18
564 2645 647 2687 pote
670 2668 676 2674 .
699 2668 705 2675 .
728 2646 813 2687 pote
846 2641 883 2685 V,
913 2646 1032 2688 potest
1055 2671 1063 2679 .
1085 2670 1092 2676 .
1114 2647 1235 2689 potest
1253 2641 1466 2678 PRBFEC'
1494 2641 1595 2677 Vino.
1618 2639 1715 2675 Bell.
1739 2647 1798 2684 sp.
1826 2638 1862 2674 d.

371 2693 408 2740 4,
434 2695 524 2732 109.
547 2695 585 2741 6,
609 2694 659 2731 14
773 2695 862 2731 elabi
885 2696 913 2732 C
927 2709 935 2731 ε
951 2696 1012 2732 sed
1042 2696 1131 2733 elabi
1152 2697 1222 2734 PB
1242 2708 1319 2734 rec.
1341 2709 1387 2733 m.
1409 2707 1492 2743 sup.
1522 2705 1597 2731 scr.
1619 2694 1656 2730 17
1665 2693 1731 2731 ΥΕ
1758 2693 1862 2729 Vinc.

371 2749 454 2785 sede
482 2749 550 2786 labi
579 2751 634 2796 R,
662 2750 725 2786 sed
756 2750 823 2786 labi
844 2751 893 2788 B.
943 2750 999 2798 Cf.
1032 2765 1062 2788 v.
1086 2752 1176 2790 453.
1293 2752 1342 2789 19
1374 2751 1432 2798 Cf.
1457 2750 1606 2787 Terent.
1635 2749 1734 2786 Eun.
1759 2749 1803 2794 1,
1824 2747 1863 2794 2',

371 2804 429 2839 22
445 2816 501 2852 sq.
615 2805 763 2841 redimas
791 2807 848 2842 Pa
877 2807 984 2843 RBC
1020 2808 1122 2844 Vinc.
1151 2808 1251 2845 Bell.
1280 2818 1338 2854 sp.
1366 2807 1402 2844 d.
1431 2806 1479 2851 5,
1506 2804 1577 2843 88:
1605 2803 1758 2840 redimes
1777 2803 1862 2848 171²,

370 2859 510 2895 redimis
533 2861 586 2895 Pb
699 2860 752 2895 20
782 2862 839 2908 Cf.
871 2874 901 2897 υ.
932 2862 1011 2898 317
1125 2869 1245 2910 aperta
1285 2862 1387 2899 Vino.
1416 2861 1514 2897 Bell.
1541 2870 1600 2906 sp.
1621 2861 1656 2895 ὠ
1678 2859 1725 2905 5,
1750 2858 1820 2904 10,
1843 2868 1861 2893 a

1942 3187 1956 3252 nafis„
1947 3150 1956 3162 „·
