<?xml version="1.0" encoding="UTF-8"?>
<!DOCTYPE html PUBLIC "-//W3C//DTD XHTML 1.0 Transitional//EN"
    "http://www.w3.org/TR/xhtml1/DTD/xhtml1-transitional.dtd">
<html xmlns="http://www.w3.org/1999/xhtml" xml:lang="en" lang="en">
 <head>
  <title>
</title>
<meta http-equiv="Content-Type" content="text/html;charset=utf-8" />
  <meta name='ocr-system' content='tesseract 3.04.00' />
  <meta name='ocr-capabilities' content='ocr_page ocr_carea ocr_par ocr_line ocrx_word'/>
</head>
<body>
  <div class='ocr_page' id='page_1' title='image "./publiliisyrisent00publuoft/publiliisyrisent00publuoft_0085.png"; bbox 0 0 1956 3308; ppageno 0'>
   <div class='ocr_carea' id='block_1_1' title="bbox 11 0 123 221">
    <p class='ocr_par' dir='ltr' id='par_1_1' title="bbox 11 0 123 221">
     <span class='ocr_line' id='line_1_1' title="bbox 11 0 123 221; baseline 0 3087"><span class='ocrx_word' id='word_1_1' title='bbox 11 0 123 221; x_wconf 95' lang='lat' dir='ltr'><strong> </strong></span> 
     </span>
    </p>
   </div>
   <div class='ocr_carea' id='block_1_2' title="bbox 582 237 1690 284">
    <p class='ocr_par' dir='ltr' id='par_1_2' title="bbox 582 237 1690 284">
     <span class='ocr_line' id='line_1_2' title="bbox 582 237 1690 284; baseline 0.008 -9"><span class='ocrx_word' id='word_1_2' title='bbox 582 237 793 276; x_wconf 72' lang='lat' dir='ltr'><strong>Punmnn</strong></span> <span class='ocrx_word' id='word_1_3' title='bbox 825 245 929 278; x_wconf 69' lang='lat' dir='ltr'><strong>svm</strong></span> <span class='ocrx_word' id='word_1_4' title='bbox 962 246 1266 280; x_wconf 71' lang='grc' dir='ltr'><strong>εΕΝΤΕΝτῙΑΕ.</strong></span> <span class='ocrx_word' id='word_1_5' title='bbox 1637 243 1660 284; x_wconf 83' lang='lat'><strong>7</strong></span> <span class='ocrx_word' id='word_1_6' title='bbox 1664 244 1690 283; x_wconf 74' lang='lat'><strong>9</strong></span> 
     </span>
    </p>
   </div>
   <div class='ocr_carea' id='block_1_3' title="bbox 155 346 1681 1353">
    <p class='ocr_par' dir='ltr' id='par_1_3' title="bbox 155 346 1681 1353">
     <span class='ocr_line' id='line_1_3' title="bbox 272 346 1430 394; baseline 0.004 -5"><span class='ocrx_word' id='word_1_7' title='bbox 272 346 435 390; x_wconf 80' lang='lat' dir='ltr'><strong>Gravis</strong></span> <span class='ocrx_word' id='word_1_8' title='bbox 465 347 636 389; x_wconf 87' lang='lat' dir='ltr'><strong>animus</strong></span> <span class='ocrx_word' id='word_1_9' title='bbox 668 346 845 389; x_wconf 86' lang='lat' dir='ltr'><strong>dubiam</strong></span> <span class='ocrx_word' id='word_1_10' title='bbox 875 363 963 390; x_wconf 91' lang='lat' dir='ltr'><strong>non</strong></span> <span class='ocrx_word' id='word_1_11' title='bbox 991 348 1124 392; x_wconf 86' lang='lat' dir='ltr'><strong>habet</strong></span> <span class='ocrx_word' id='word_1_12' title='bbox 1156 352 1430 394; x_wconf 83' lang='lat' dir='ltr'><strong>sententiam.</strong></span> 
     </span>
     <span class='ocr_line' id='line_1_4' title="bbox 273 413 1542 476; baseline 0.005 -19"><span class='ocrx_word' id='word_1_13' title='bbox 273 413 465 457; x_wconf 79' lang='lat' dir='ltr'><strong>Gravius</strong></span> <span class='ocrx_word' id='word_1_14' title='bbox 496 414 658 456; x_wconf 85' lang='lat' dir='ltr'><strong>malum</strong></span> <span class='ocrx_word' id='word_1_15' title='bbox 689 430 815 458; x_wconf 92' lang='lat' dir='ltr'><strong>omne</strong></span> <span class='ocrx_word' id='word_1_16' title='bbox 845 422 924 470; x_wconf 80' lang='lat' dir='ltr'><strong>est,</strong></span> <span class='ocrx_word' id='word_1_17' title='bbox 957 416 1073 473; x_wconf 83' lang='lat' dir='ltr'><strong>quod</strong></span> <span class='ocrx_word' id='word_1_18' title='bbox 1103 418 1185 460; x_wconf 91' lang='lat' dir='ltr'><strong>sub</strong></span> <span class='ocrx_word' id='word_1_19' title='bbox 1214 425 1394 476; x_wconf 84' lang='lat' dir='ltr'><strong>aspectu</strong></span> <span class='ocrx_word' id='word_1_20' title='bbox 1423 419 1542 465; x_wconf 85' lang='lat' dir='ltr'><strong>latet.</strong></span> 
     </span>
     <span class='ocr_line' id='line_1_5' title="bbox 274 482 1487 542; baseline 0.006 -19"><span class='ocrx_word' id='word_1_21' title='bbox 274 482 470 524; x_wconf 79' lang='lat' dir='ltr'><strong>Gravius</strong></span> <span class='ocrx_word' id='word_1_22' title='bbox 500 489 641 537; x_wconf 83' lang='lat' dir='ltr'><strong>nocet,</strong></span> <span class='ocrx_word' id='word_1_23' title='bbox 678 482 980 540; x_wconf 89' lang='lat' dir='ltr'><strong>quodcumque</strong></span> <span class='ocrx_word' id='word_1_24' title='bbox 1010 485 1285 542; x_wconf 85' lang='lat' dir='ltr'><strong>inexpertum</strong></span> <span class='ocrx_word' id='word_1_25' title='bbox 1312 487 1487 530; x_wconf 86' lang='lat' dir='ltr'><strong>accidit.</strong></span> 
     </span>
     <span class='ocr_line' id='line_1_6' title="bbox 159 547 1386 610; baseline 0.003 -19"><span class='ocrx_word' id='word_1_26' title='bbox 159 553 242 593; x_wconf 92' lang='grc'><strong>200</strong></span> <span class='ocrx_word' id='word_1_27' title='bbox 272 547 486 606; x_wconf 80' lang='lat' dir='ltr'>(Gravior</span> <span class='ocrx_word' id='word_1_28' title='bbox 516 556 583 592; x_wconf 86' lang='lat' dir='ltr'><strong>est</strong></span> <span class='ocrx_word' id='word_1_29' title='bbox 613 551 831 603; x_wconf 88' lang='lat' dir='ltr'><strong>inimicus,</strong></span> <span class='ocrx_word' id='word_1_30' title='bbox 861 551 937 607; x_wconf 90' lang='lat' dir='ltr'><strong>qui</strong></span> <span class='ocrx_word' id='word_1_31' title='bbox 967 550 1072 594; x_wconf 84' lang='lat' dir='ltr'><strong>latet</strong></span> <span class='ocrx_word' id='word_1_32' title='bbox 1102 554 1148 595; x_wconf 92' lang='lat' dir='ltr'><strong>in</strong></span> <span class='ocrx_word' id='word_1_33' title='bbox 1178 556 1386 610; x_wconf 79' lang='lat' dir='ltr'>pectore.)</span> 
     </span>
     <span class='ocr_line' id='line_1_7' title="bbox 271 616 1328 676; baseline 0.004 -17"><span class='ocrx_word' id='word_1_34' title='bbox 271 616 596 660; x_wconf 80' lang='lat' dir='ltr'><strong>Gravissimum</strong></span> <span class='ocrx_word' id='word_1_35' title='bbox 627 624 694 660; x_wconf 83' lang='lat' dir='ltr'><strong>cst</strong></span> <span class='ocrx_word' id='word_1_36' title='bbox 723 619 954 676; x_wconf 87' lang='lat' dir='ltr'><strong>imperium</strong></span> <span class='ocrx_word' id='word_1_37' title='bbox 985 620 1328 664; x_wconf 82' lang='lat' dir='ltr'><strong>consuetudinis.</strong></span> 
     </span>
     <span class='ocr_line' id='line_1_8' title="bbox 269 676 1582 744; baseline 0.004 -16"><span class='ocrx_word' id='word_1_38' title='bbox 269 685 418 728; x_wconf 83' lang='lat' dir='ltr'><strong>Grave</strong></span> <span class='ocrx_word' id='word_1_39' title='bbox 449 686 628 739; x_wconf 84' lang='lat' dir='ltr'><strong>crimen,</strong></span> <span class='ocrx_word' id='word_1_40' title='bbox 663 686 793 727; x_wconf 82' lang='lat' dir='ltr'><strong>etiam</strong></span> <span class='ocrx_word' id='word_1_41' title='bbox 823 685 980 729; x_wconf 87' lang='lat' dir='ltr'><strong>leviter</strong></span> <span class='ocrx_word' id='word_1_42' title='bbox 1009 702 1107 729; x_wconf 92' lang='lat' dir='ltr'><strong>cum</strong></span> <span class='ocrx_word' id='word_1_43' title='bbox 1139 694 1204 730; x_wconf 90' lang='lat' dir='ltr'><strong>est</strong></span> <span class='ocrx_word' id='word_1_44' title='bbox 1230 676 1413 744; x_wconf 67' lang='lat' dir='ltr'><strong>&#39;dictum7</strong></span> <span class='ocrx_word' id='word_1_45' title='bbox 1444 698 1582 733; x_wconf 83' lang='lat' dir='ltr'><strong>nocet.</strong></span> 
     </span>
     <span class='ocr_line' id='line_1_9' title="bbox 268 751 1299 810; baseline 0.005 -16"><span class='ocrx_word' id='word_1_46' title='bbox 268 751 370 794; x_wconf 89' lang='lat' dir='ltr'><strong>Heu</strong></span> <span class='ocrx_word' id='word_1_47' title='bbox 400 768 531 810; x_wconf 86' lang='lat' dir='ltr'><strong>quam</strong></span> <span class='ocrx_word' id='word_1_48' title='bbox 561 752 757 796; x_wconf 86' lang='lat' dir='ltr'><strong>difficilis</strong></span> <span class='ocrx_word' id='word_1_49' title='bbox 788 753 953 810; x_wconf 86' lang='lat' dir='ltr'><strong>gloriae</strong></span> <span class='ocrx_word' id='word_1_50' title='bbox 983 755 1180 798; x_wconf 85' lang='lat' dir='ltr'><strong>custodia</strong></span> <span class='ocrx_word' id='word_1_51' title='bbox 1210 757 1299 799; x_wconf 89' lang='lat' dir='ltr'><strong>est!</strong></span> 
     </span>
     <span class='ocr_line' id='line_1_10' title="bbox 267 819 1398 878; baseline 0.004 -16"><span class='ocrx_word' id='word_1_52' title='bbox 267 819 412 863; x_wconf 89' lang='lat' dir='ltr'><strong>Homo</strong></span> <span class='ocrx_word' id='word_1_53' title='bbox 433 828 570 864; x_wconf 82' lang='lat' dir='ltr'><strong>extra</strong></span> <span class='ocrx_word' id='word_1_54' title='bbox 598 836 756 878; x_wconf 82' lang='lat' dir='ltr'><strong>corpus</strong></span> <span class='ocrx_word' id='word_1_55' title='bbox 787 828 854 863; x_wconf 90' lang='lat' dir='ltr'><strong>est</strong></span> <span class='ocrx_word' id='word_1_56' title='bbox 884 837 1022 877; x_wconf 84' lang='lat' dir='ltr'><strong>suum,</strong></span> <span class='ocrx_word' id='word_1_57' title='bbox 1054 837 1152 865; x_wconf 90' lang='lat' dir='ltr'><strong>cum</strong></span> <span class='ocrx_word' id='word_1_58' title='bbox 1182 824 1398 866; x_wconf 82' lang='lat' dir='ltr'><strong>irascitur.</strong></span> 
     </span>
     <span class='ocr_line' id='line_1_11' title="bbox 155 887 1480 949; baseline 0.003 -19"><span class='ocrx_word' id='word_1_59' title='bbox 155 892 237 931; x_wconf 84' lang='lat'><strong>205</strong></span> <span class='ocrx_word' id='word_1_60' title='bbox 269 887 371 931; x_wconf 92' lang='lat' dir='ltr'><strong>Heu</strong></span> <span class='ocrx_word' id='word_1_61' title='bbox 401 903 529 946; x_wconf 85' lang='lat' dir='ltr'><strong>quam</strong></span> <span class='ocrx_word' id='word_1_62' title='bbox 560 895 625 931; x_wconf 89' lang='lat' dir='ltr'><strong>est</strong></span> <span class='ocrx_word' id='word_1_63' title='bbox 654 888 889 943; x_wconf 87' lang='lat' dir='ltr'><strong>timendus,</strong></span> <span class='ocrx_word' id='word_1_64' title='bbox 920 891 995 947; x_wconf 90' lang='lat' dir='ltr'><strong>qui</strong></span> <span class='ocrx_word' id='word_1_65' title='bbox 1023 892 1133 933; x_wconf 88' lang='lat' dir='ltr'><strong>mori</strong></span> <span class='ocrx_word' id='word_1_66' title='bbox 1163 898 1304 933; x_wconf 89' lang='lat' dir='ltr'><strong>tutum</strong></span> <span class='ocrx_word' id='word_1_67' title='bbox 1332 894 1480 949; x_wconf 71' lang='lat' dir='ltr'><strong>putat!</strong></span> 
     </span>
     <span class='ocr_line' id='line_1_12' title="bbox 266 955 1681 1014; baseline 0.004 -17"><span class='ocrx_word' id='word_1_68' title='bbox 266 955 431 1011; x_wconf 78' lang='lat' dir='ltr'><strong>Homo,</strong></span> <span class='ocrx_word' id='word_1_69' title='bbox 471 958 547 1014; x_wconf 92' lang='lat' dir='ltr'><strong>qui</strong></span> <span class='ocrx_word' id='word_1_70' title='bbox 575 957 622 998; x_wconf 91' lang='lat' dir='ltr'><strong>in</strong></span> <span class='ocrx_word' id='word_1_71' title='bbox 650 956 824 1000; x_wconf 90' lang='lat' dir='ltr'><strong>homine</strong></span> <span class='ocrx_word' id='word_1_72' title='bbox 854 955 1109 1001; x_wconf 61' lang='lat' dir='ltr'><strong>calamitoso</strong></span> <span class='ocrx_word' id='word_1_73' title='bbox 1140 965 1205 1000; x_wconf 88' lang='lat' dir='ltr'><strong>est</strong></span> <span class='ocrx_word' id='word_1_74' title='bbox 1234 960 1500 1014; x_wconf 80' lang='lat' dir='ltr'><strong>misericors,</strong></span> <span class='ocrx_word' id='word_1_75' title='bbox 1533 961 1681 1002; x_wconf 87' lang='lat' dir='ltr'><strong>memi-</strong></span> 
     </span>
     <span class='ocr_line' id='line_1_13' title="bbox 963 1026 1139 1068; baseline 0.011 -2"><span class='ocrx_word' id='word_1_76' title='bbox 963 1027 1029 1067; x_wconf 87' lang='lat' dir='ltr'><strong>nit</strong></span> <span class='ocrx_word' id='word_1_77' title='bbox 1058 1026 1139 1068; x_wconf 89' lang='lat' dir='ltr'><strong>sui.</strong></span> 
     </span>
     <span class='ocr_line' id='line_1_14' title="bbox 266 1090 1241 1150; baseline 0.003 -18"><span class='ocrx_word' id='word_1_78' title='bbox 266 1090 464 1135; x_wconf 85' lang='lat' dir='ltr'><strong>Honesta</strong></span> <span class='ocrx_word' id='word_1_79' title='bbox 492 1092 720 1150; x_wconf 87' lang='lat' dir='ltr'><strong>turpitudo</strong></span> <span class='ocrx_word' id='word_1_80' title='bbox 750 1099 816 1135; x_wconf 87' lang='lat' dir='ltr'><strong>est</strong></span> <span class='ocrx_word' id='word_1_81' title='bbox 844 1108 923 1149; x_wconf 93' lang='lat' dir='ltr'><strong>pro</strong></span> <span class='ocrx_word' id='word_1_82' title='bbox 954 1107 1084 1135; x_wconf 85' lang='lat' dir='ltr'><strong>causa</strong></span> <span class='ocrx_word' id='word_1_83' title='bbox 1113 1093 1241 1136; x_wconf 83' lang='lat' dir='ltr'><strong>bona.</strong></span> 
     </span>
     <span class='ocr_line' id='line_1_15' title="bbox 267 1158 1634 1218; baseline 0.003 -18"><span class='ocrx_word' id='word_1_84' title='bbox 267 1158 416 1201; x_wconf 64' lang='lat' dir='ltr'><strong>Habet</strong></span> <span class='ocrx_word' id='word_1_85' title='bbox 447 1160 494 1201; x_wconf 92' lang='lat' dir='ltr'><strong>in</strong></span> <span class='ocrx_word' id='word_1_86' title='bbox 522 1159 720 1202; x_wconf 73' lang='lat' dir='ltr'><strong>adversis</strong></span> <span class='ocrx_word' id='word_1_87' title='bbox 750 1160 931 1214; x_wconf 84' lang='lat' dir='ltr'><strong>auxilia,</strong></span> <span class='ocrx_word' id='word_1_88' title='bbox 963 1161 1038 1218; x_wconf 92' lang='lat' dir='ltr'><strong>qui</strong></span> <span class='ocrx_word' id='word_1_89' title='bbox 1068 1163 1114 1202; x_wconf 80' lang='lat' dir='ltr'><strong>in</strong></span> <span class='ocrx_word' id='word_1_90' title='bbox 1143 1162 1347 1204; x_wconf 88' lang='lat' dir='ltr'><strong>secundis</strong></span> <span class='ocrx_word' id='word_1_91' title='bbox 1379 1162 1634 1205; x_wconf 78' lang='lat' dir='ltr'><strong>commodat.</strong></span> 
     </span>
     <span class='ocr_line' id='line_1_16' title="bbox 266 1226 1680 1287; baseline 0.003 -19"><span class='ocrx_word' id='word_1_92' title='bbox 266 1226 367 1269; x_wconf 80' lang='lat' dir='ltr'><strong>Heu</strong></span> <span class='ocrx_word' id='word_1_93' title='bbox 397 1242 525 1284; x_wconf 88' lang='lat' dir='ltr'><strong>quam</strong></span> <span class='ocrx_word' id='word_1_94' title='bbox 555 1229 763 1270; x_wconf 87' lang='lat' dir='ltr'><strong>miserum</strong></span> <span class='ocrx_word' id='word_1_95' title='bbox 793 1235 859 1270; x_wconf 88' lang='lat' dir='ltr'><strong>est</strong></span> <span class='ocrx_word' id='word_1_96' title='bbox 890 1228 946 1270; x_wconf 57' lang='lat' dir='ltr'><strong>ab</strong></span> <span class='ocrx_word' id='word_1_97' title='bbox 977 1243 1027 1270; x_wconf 90' lang='lat' dir='ltr'><strong>eo</strong></span> <span class='ocrx_word' id='word_1_98' title='bbox 1058 1228 1193 1283; x_wconf 83' lang='lat' dir='ltr'><strong>laedi,</strong></span> <span class='ocrx_word' id='word_1_99' title='bbox 1226 1229 1281 1270; x_wconf 74' lang='lat' dir='ltr'><strong>de</strong></span> <span class='ocrx_word' id='word_1_100' title='bbox 1311 1244 1394 1286; x_wconf 92' lang='lat' dir='ltr'><strong>quo</strong></span> <span class='ocrx_word' id='word_1_101' title='bbox 1424 1245 1512 1273; x_wconf 91' lang='lat' dir='ltr'><strong>non</strong></span> <span class='ocrx_word' id='word_1_102' title='bbox 1541 1232 1680 1287; x_wconf 83' lang='lat' dir='ltr'><strong>possis</strong></span> 
     </span>
     <span class='ocr_line' id='line_1_17' title="bbox 964 1297 1107 1353; baseline -0.014 -15"><span class='ocrx_word' id='word_1_103' title='bbox 964 1297 1107 1353; x_wconf 88' lang='lat' dir='ltr'><strong>queri!</strong></span> 
     </span>
    </p>
   </div>
   <div class='ocr_carea' id='block_1_4' title="bbox 151 1364 418 1371">
    <p class='ocr_par' dir='ltr' id='par_1_4' title="bbox 151 1364 418 1371">
     <span class='ocr_line' id='line_1_18' title="bbox 151 1364 418 1371; baseline 0 0"><span class='ocrx_word' id='word_1_104' title='bbox 151 1364 418 1371; x_wconf 95' lang='lat' dir='ltr'><strong> </strong></span> 
     </span>
    </p>
   </div>
   <div class='ocr_carea' id='block_1_5' title="bbox 151 1409 982 1484">
    <p class='ocr_par' dir='ltr' id='par_1_5' title="bbox 151 1409 982 1484">
     <span class='ocr_line' id='line_1_19' title="bbox 151 1409 982 1484; baseline 0 -10"><span class='ocrx_word' id='word_1_105' title='bbox 151 1445 330 1474; x_wconf 66' lang='lat' dir='ltr'><strong>comens</strong></span> <span class='ocrx_word' id='word_1_106' title='bbox 359 1448 390 1471; x_wconf 78' lang='lat' dir='ltr'><strong>v.</strong></span> <span class='ocrx_word' id='word_1_107' title='bbox 417 1409 656 1474; x_wconf 60' lang='lat'><strong>194-223}</strong></span> <span class='ocrx_word' id='word_1_108' title='bbox 687 1414 836 1474; x_wconf 60' lang='lat' dir='ltr'><strong>piem«-</strong></span> <span class='ocrx_word' id='word_1_109' title='bbox 854 1436 982 1484; x_wconf 73' lang='lat' dir='ltr'><strong>(mo)</strong></span> 
     </span>
    </p>
   </div>
   <div class='ocr_carea' id='block_1_6' title="bbox 84 1512 1678 2970">
    <p class='ocr_par' dir='ltr' id='par_1_6' title="bbox 142 1512 1678 2349">
     <span class='ocr_line' id='line_1_20' title="bbox 150 1512 1678 1566; baseline 0.002 -15"><span class='ocrx_word' id='word_1_110' title='bbox 150 1512 285 1563; x_wconf 62' lang='lat' dir='ltr'><strong>fiante</strong></span> <span class='ocrx_word' id='word_1_111' title='bbox 308 1515 411 1563; x_wconf 80' lang='lat' dir='ltr'><strong>facti</strong></span> <span class='ocrx_word' id='word_1_112' title='bbox 436 1526 591 1552; x_wconf 82' lang='lat' dir='ltr'><strong>erasum</strong></span> <span class='ocrx_word' id='word_1_113' title='bbox 623 1520 699 1562; x_wconf 79' lang='lat' dir='ltr'><strong>est,</strong></span> <span class='ocrx_word' id='word_1_114' title='bbox 735 1522 820 1564; x_wconf 86' lang='lat' dir='ltr'><strong>post</strong></span> <span class='ocrx_word' id='word_1_115' title='bbox 851 1516 982 1552; x_wconf 80' lang='lat' dir='ltr'><strong>sactum</strong></span> <span class='ocrx_word' id='word_1_116' title='bbox 1005 1516 1126 1553; x_wconf 84' lang='lat' dir='ltr'><strong>Beru.</strong></span> <span class='ocrx_word' id='word_1_117' title='bbox 1157 1521 1197 1553; x_wconf 85' lang='lat' dir='ltr'><em>ul</em></span> <span class='ocrx_word' id='word_1_118' title='bbox 1225 1519 1338 1553; x_wconf 79' lang='lat' dir='ltr'><strong>etiam</strong></span> <span class='ocrx_word' id='word_1_119' title='bbox 1364 1517 1397 1553; x_wconf 99' lang='grc' dir='ltr'><em>Τ</em></span> <span class='ocrx_word' id='word_1_120' title='bbox 1421 1518 1538 1566; x_wconf 80' lang='lat' dir='ltr'><strong>gravis</strong></span> <span class='ocrx_word' id='word_1_121' title='bbox 1564 1529 1678 1566; x_wconf 82' lang='lat' dir='ltr'><strong>poena</strong></span> 
     </span>
     <span class='ocr_line' id='line_1_21' title="bbox 142 1572 1677 1622; baseline 0.002 -15"><span class='ocrx_word' id='word_1_122' title='bbox 142 1577 206 1607; x_wconf 75' lang='lat' dir='ltr'><strong>est</strong></span> <span class='ocrx_word' id='word_1_123' title='bbox 233 1572 447 1619; x_wconf 86' lang='lat' dir='ltr'><strong>poenitenti.</strong></span> <span class='ocrx_word' id='word_1_124' title='bbox 490 1572 591 1608; x_wconf 89' lang='lat' dir='ltr'><strong>cuius</strong></span> <span class='ocrx_word' id='word_1_125' title='bbox 619 1577 704 1620; x_wconf 87' lang='lat' dir='ltr'><strong>post</strong></span> <span class='ocrx_word' id='word_1_126' title='bbox 739 1572 871 1609; x_wconf 83' lang='lat' dir='ltr'><strong>sactum</strong></span> <span class='ocrx_word' id='word_1_127' title='bbox 907 1573 1112 1608; x_wconf 77' lang='lat' dir='ltr'><strong>cruciantur</strong></span> <span class='ocrx_word' id='word_1_128' title='bbox 1142 1573 1268 1617; x_wconf 81' lang='lat' dir='ltr'><strong>animi3</strong></span> <span class='ocrx_word' id='word_1_129' title='bbox 1309 1584 1415 1621; x_wconf 90' lang='lat' dir='ltr'><strong>quem</strong></span> <span class='ocrx_word' id='word_1_130' title='bbox 1443 1579 1566 1622; x_wconf 87' lang='lat' dir='ltr'><strong>potest</strong></span> <span class='ocrx_word' id='word_1_131' title='bbox 1595 1573 1677 1610; x_wconf 80' lang='lat' dir='ltr'><strong>sacti</strong></span> 
     </span>
     <span class='ocr_line' id='line_1_22' title="bbox 149 1627 1675 1677; baseline 0.001 -13"><span class='ocrx_word' id='word_1_132' title='bbox 149 1628 312 1675; x_wconf 82' lang='lat' dir='ltr'><strong>penitere</strong></span> <span class='ocrx_word' id='word_1_133' title='bbox 333 1628 373 1665; x_wconf 86' lang='lat' dir='ltr'><strong>C.</strong></span> <span class='ocrx_word' id='word_1_134' title='bbox 407 1629 513 1665; x_wconf 75' lang='lat' dir='ltr'><strong>Vino.</strong></span> <span class='ocrx_word' id='word_1_135' title='bbox 537 1628 638 1664; x_wconf 84' lang='lat' dir='ltr'><em>Bell.</em></span> <span class='ocrx_word' id='word_1_136' title='bbox 660 1639 718 1675; x_wconf 80' lang='lat' dir='ltr'><strong>sp.</strong></span> <span class='ocrx_word' id='word_1_137' title='bbox 740 1630 776 1664; x_wconf 85' lang='lat' dir='ltr'><strong>d.</strong></span> <span class='ocrx_word' id='word_1_138' title='bbox 800 1630 847 1675; x_wconf 86' lang='lat'><strong>5,</strong></span> <span class='ocrx_word' id='word_1_139' title='bbox 870 1628 922 1664; x_wconf 83' lang='lat'><strong>22</strong></span> <span class='ocrx_word' id='word_1_140' title='bbox 945 1627 986 1664; x_wconf 90' lang='lat' dir='ltr'><strong>G.</strong></span> <span class='ocrx_word' id='word_1_141' title='bbox 1011 1640 1041 1664; x_wconf 85' lang='lat' dir='ltr'><strong>a.</strong></span> <span class='ocrx_word' id='word_1_142' title='bbox 1064 1641 1100 1677; x_wconf 86' lang='lat' dir='ltr'><strong>p.</strong></span> <span class='ocrx_word' id='word_1_143' title='bbox 1123 1633 1179 1665; x_wconf 88' lang='lat' dir='ltr'><strong>est</strong></span> <span class='ocrx_word' id='word_1_144' title='bbox 1205 1629 1481 1677; x_wconf 85' lang='lat' dir='ltr'><strong>proximumque</strong></span> <span class='ocrx_word' id='word_1_145' title='bbox 1503 1629 1546 1666; x_wconf 84' lang='lat' dir='ltr'><strong>ad</strong></span> <span class='ocrx_word' id='word_1_146' title='bbox 1574 1630 1675 1666; x_wconf 87' lang='lat' dir='ltr'><strong>inuo-</strong></span> 
     </span>
     <span class='ocr_line' id='line_1_23' title="bbox 148 1684 1674 1733; baseline 0.002 -14"><span class='ocrx_word' id='word_1_147' title='bbox 148 1684 301 1720; x_wconf 76' lang='lat' dir='ltr'><strong>centiam</strong></span> <span class='ocrx_word' id='word_1_148' title='bbox 328 1684 449 1720; x_wconf 89' lang='lat' dir='ltr'><strong>locum</strong></span> <span class='ocrx_word' id='word_1_149' title='bbox 470 1689 571 1721; x_wconf 89' lang='lat' dir='ltr'><strong>tenet</strong></span> <span class='ocrx_word' id='word_1_150' title='bbox 592 1684 792 1721; x_wconf 78' lang='lat' dir='ltr'><strong>verecunda</strong></span> <span class='ocrx_word' id='word_1_151' title='bbox 813 1685 949 1733; x_wconf 82' lang='lat' dir='ltr'><strong>peccati</strong></span> <span class='ocrx_word' id='word_1_152' title='bbox 971 1684 1174 1731; x_wconf 80' lang='lat' dir='ltr'><strong>consessio,</strong></span> <span class='ocrx_word' id='word_1_153' title='bbox 1205 1687 1505 1733; x_wconf 72' lang='lat' dir='ltr'><strong>conylutiuatum</strong></span> <span class='ocrx_word' id='word_1_154' title='bbox 1526 1696 1578 1722; x_wconf 68' lang='lat' dir='ltr'><strong>erc</strong></span> <span class='ocrx_word' id='word_1_155' title='bbox 1597 1686 1674 1722; x_wconf 84' lang='lat' dir='ltr'><strong>Pu-</strong></span> 
     </span>
     <span class='ocr_line' id='line_1_24' title="bbox 148 1740 1675 1789; baseline 0.001 -13"><span class='ocrx_word' id='word_1_156' title='bbox 148 1740 244 1776; x_wconf 83' lang='lat' dir='ltr'><em>blilii</em></span> <span class='ocrx_word' id='word_1_157' title='bbox 269 1750 384 1777; x_wconf 79' lang='lat' dir='ltr'><strong>versu</strong></span> <span class='ocrx_word' id='word_1_158' title='bbox 412 1746 449 1777; x_wconf 82' lang='lat' dir='ltr'><em>el</em></span> <span class='ocrx_word' id='word_1_159' title='bbox 468 1741 702 1778; x_wconf 79' lang='lat' dir='ltr'><strong>Pseudosen.</strong></span> <span class='ocrx_word' id='word_1_160' title='bbox 734 1742 780 1777; x_wconf 86' lang='lat' dir='ltr'><strong>de</strong></span> <span class='ocrx_word' id='word_1_161' title='bbox 808 1753 902 1778; x_wconf 86' lang='lat' dir='ltr'><strong>mor.</strong></span> <span class='ocrx_word' id='word_1_162' title='bbox 934 1740 987 1778; x_wconf 87' lang='lat'><strong>94</strong></span> <span class='ocrx_word' id='word_1_163' title='bbox 1106 1741 1182 1778; x_wconf 88' lang='grc'><strong>197</strong></span> <span class='ocrx_word' id='word_1_164' title='bbox 1225 1742 1331 1778; x_wconf 81' lang='lat' dir='ltr'><strong>Vinc.</strong></span> <span class='ocrx_word' id='word_1_165' title='bbox 1365 1741 1460 1778; x_wconf 84' lang='lat' dir='ltr'><em>Bell.</em></span> <span class='ocrx_word' id='word_1_166' title='bbox 1490 1753 1547 1789; x_wconf 82' lang='lat' dir='ltr'><strong>sp.</strong></span> <span class='ocrx_word' id='word_1_167' title='bbox 1577 1743 1612 1778; x_wconf 83' lang='lat' dir='ltr'><strong>d.</strong></span> <span class='ocrx_word' id='word_1_168' title='bbox 1635 1742 1675 1789; x_wconf 91' lang='grc'><strong>4,</strong></span> 
     </span>
     <span class='ocr_line' id='line_1_25' title="bbox 150 1795 1674 1845; baseline 0 -12"><span class='ocrx_word' id='word_1_169' title='bbox 150 1795 217 1833; x_wconf 89' lang='grc'><strong>86.</strong></span> <span class='ocrx_word' id='word_1_170' title='bbox 243 1796 273 1832; x_wconf 87' lang='lat' dir='ltr'><em>C</em></span> <span class='ocrx_word' id='word_1_171' title='bbox 351 1796 429 1834; x_wconf 88' lang='lat'><strong>198</strong></span> <span class='ocrx_word' id='word_1_172' title='bbox 462 1797 521 1845; x_wconf 85' lang='lat' dir='ltr'><strong>Cf.</strong></span> <span class='ocrx_word' id='word_1_173' title='bbox 542 1810 575 1834; x_wconf 87' lang='lat' dir='ltr'><strong>v.</strong></span> <span class='ocrx_word' id='word_1_174' title='bbox 594 1797 687 1834; x_wconf 90' lang='grc'>200.</span> <span class='ocrx_word' id='word_1_175' title='bbox 710 1797 839 1833; x_wconf 80' lang='lat' dir='ltr'><strong>malum</strong></span> <span class='ocrx_word' id='word_1_176' title='bbox 862 1808 894 1834; x_wconf 93' lang='lat' dir='ltr'><strong>o.</strong></span> <span class='ocrx_word' id='word_1_177' title='bbox 917 1802 972 1834; x_wconf 86' lang='lat' dir='ltr'><strong>est</strong></span> <span class='ocrx_word' id='word_1_178' title='bbox 993 1798 1076 1834; x_wconf 82' lang='lat' dir='ltr'><strong>cod.</strong></span> <span class='ocrx_word' id='word_1_179' title='bbox 1097 1798 1323 1834; x_wconf 79' lang='lat' dir='ltr'><strong>Palatinus.-</strong></span> <span class='ocrx_word' id='word_1_180' title='bbox 1353 1803 1410 1834; x_wconf 89' lang='lat' dir='ltr'><strong>est</strong></span> <span class='ocrx_word' id='word_1_181' title='bbox 1429 1809 1476 1834; x_wconf 91' lang='lat' dir='ltr'><strong>m.</strong></span> <span class='ocrx_word' id='word_1_182' title='bbox 1499 1809 1534 1834; x_wconf 88' lang='lat' dir='ltr'><strong>o.</strong></span> <span class='ocrx_word' id='word_1_183' title='bbox 1554 1798 1674 1843; x_wconf 86' lang='lat' dir='ltr'><strong>PRB,</strong></span> 
     </span>
     <span class='ocr_line' id='line_1_26' title="bbox 147 1852 1673 1902; baseline 0.001 -14"><span class='ocrx_word' id='word_1_184' title='bbox 147 1858 204 1888; x_wconf 86' lang='lat' dir='ltr'><strong>est</strong></span> <span class='ocrx_word' id='word_1_185' title='bbox 226 1863 260 1888; x_wconf 93' lang='grc' dir='ltr'><strong>ο.</strong></span> <span class='ocrx_word' id='word_1_186' title='bbox 284 1864 331 1889; x_wconf 88' lang='lat' dir='ltr'><strong>m.</strong></span> <span class='ocrx_word' id='word_1_187' title='bbox 357 1852 403 1899; x_wconf 87' lang='lat' dir='ltr'><strong>C,</strong></span> <span class='ocrx_word' id='word_1_188' title='bbox 433 1865 479 1890; x_wconf 90' lang='lat' dir='ltr'><strong>m.</strong></span> <span class='ocrx_word' id='word_1_189' title='bbox 510 1858 567 1890; x_wconf 86' lang='lat' dir='ltr'><strong>est</strong></span> <span class='ocrx_word' id='word_1_190' title='bbox 588 1865 622 1890; x_wconf 93' lang='grc' dir='ltr'><strong>ο.</strong></span> <span class='ocrx_word' id='word_1_191' title='bbox 645 1854 684 1889; x_wconf 88' lang='lat' dir='ltr'><em>F</em></span> <span class='ocrx_word' id='word_1_192' title='bbox 794 1864 900 1902; x_wconf 82' lang='lat' dir='ltr'><strong>grave</strong></span> <span class='ocrx_word' id='word_1_193' title='bbox 929 1858 985 1890; x_wconf 89' lang='lat' dir='ltr'><strong>est</strong></span> <span class='ocrx_word' id='word_1_194' title='bbox 1012 1864 1059 1890; x_wconf 92' lang='lat' dir='ltr'><strong>m.</strong></span> <span class='ocrx_word' id='word_1_195' title='bbox 1091 1865 1126 1890; x_wconf 93' lang='lat' dir='ltr'><strong>o.</strong></span> <span class='ocrx_word' id='word_1_196' title='bbox 1149 1855 1356 1899; x_wconf 84' lang='lat' dir='ltr'><strong>Erasmus,</strong></span> <span class='ocrx_word' id='word_1_197' title='bbox 1386 1855 1494 1890; x_wconf 78' lang='lat' dir='ltr'><strong><em>haud</em></strong></span> <span class='ocrx_word' id='word_1_198' title='bbox 1516 1857 1594 1890; x_wconf 78' lang='lat' dir='ltr'><strong>scio</strong></span> <span class='ocrx_word' id='word_1_199' title='bbox 1624 1867 1673 1890; x_wconf 81' lang='lat' dir='ltr'><strong>an</strong></span> 
     </span>
     <span class='ocr_line' id='line_1_27' title="bbox 148 1909 1672 1958; baseline 0 -13"><span class='ocrx_word' id='word_1_200' title='bbox 148 1911 287 1955; x_wconf 81' lang='lat' dir='ltr'><strong>verius,</strong></span> <span class='ocrx_word' id='word_1_201' title='bbox 311 1911 398 1946; x_wconf 84' lang='lat' dir='ltr'><em>coll.</em></span> <span class='ocrx_word' id='word_1_202' title='bbox 422 1922 455 1947; x_wconf 80' lang='lat' dir='ltr'><strong>v.</strong></span> <span class='ocrx_word' id='word_1_203' title='bbox 479 1910 562 1947; x_wconf 84' lang='lat'><strong>200</strong></span> <span class='ocrx_word' id='word_1_204' title='bbox 668 1909 747 1946; x_wconf 88' lang='grc'><strong>199</strong></span> <span class='ocrx_word' id='word_1_205' title='bbox 779 1909 849 1946; x_wconf 88' lang='lat' dir='ltr'><strong>EC</strong></span> <span class='ocrx_word' id='word_1_206' title='bbox 940 1910 1045 1946; x_wconf 86' lang='lat' dir='ltr'><strong>citius</strong></span> <span class='ocrx_word' id='word_1_207' title='bbox 1067 1915 1175 1946; x_wconf 87' lang='lat' dir='ltr'><strong>nocet</strong></span> <span class='ocrx_word' id='word_1_208' title='bbox 1196 1909 1365 1958; x_wconf 88' lang='lat' dir='ltr'><strong>quicquid</strong></span> <span class='ocrx_word' id='word_1_209' title='bbox 1385 1911 1409 1946; x_wconf 92' lang='lat' dir='ltr'><strong>i.</strong></span> <span class='ocrx_word' id='word_1_210' title='bbox 1432 1915 1537 1946; x_wconf 86' lang='lat' dir='ltr'><strong>nocet</strong></span> <span class='ocrx_word' id='word_1_211' title='bbox 1570 1911 1672 1947; x_wconf 67' lang='lat' dir='ltr'><strong>Vino.</strong></span> 
     </span>
     <span class='ocr_line' id='line_1_28' title="bbox 151 1964 1671 2013; baseline 0.001 -13"><span class='ocrx_word' id='word_1_212' title='bbox 151 1964 248 2001; x_wconf 84' lang='lat' dir='ltr'><em>Bell.</em></span> <span class='ocrx_word' id='word_1_213' title='bbox 271 1976 332 2012; x_wconf 79' lang='lat' dir='ltr'><strong>sp.</strong></span> <span class='ocrx_word' id='word_1_214' title='bbox 353 1967 390 2002; x_wconf 80' lang='lat' dir='ltr'><strong>d.</strong></span> <span class='ocrx_word' id='word_1_215' title='bbox 413 1965 461 2009; x_wconf 87' lang='lat'><strong>4,</strong></span> <span class='ocrx_word' id='word_1_216' title='bbox 483 1965 536 2003; x_wconf 85' lang='grc'><strong>82</strong></span> <span class='ocrx_word' id='word_1_217' title='bbox 663 1965 744 2003; x_wconf 89' lang='grc'><strong>200</strong></span> <span class='ocrx_word' id='word_1_218' title='bbox 779 1965 838 2013; x_wconf 83' lang='lat' dir='ltr'><strong>Cf.</strong></span> <span class='ocrx_word' id='word_1_219' title='bbox 862 1978 894 2003; x_wconf 87' lang='lat' dir='ltr'><strong>v.</strong></span> <span class='ocrx_word' id='word_1_220' title='bbox 920 1966 998 2003; x_wconf 83' lang='lat'><strong>198</strong></span> <span class='ocrx_word' id='word_1_221' title='bbox 1115 1965 1263 2003; x_wconf 84' lang='lat' dir='ltr'><strong>Gravior</strong></span> <span class='ocrx_word' id='word_1_222' title='bbox 1282 1966 1444 2003; x_wconf 84' lang='lat' dir='ltr'><em>BFCPa</em></span> <span class='ocrx_word' id='word_1_223' title='bbox 1467 1977 1570 2003; x_wconf 85' lang='lat' dir='ltr'><strong>corr.</strong></span> <span class='ocrx_word' id='word_1_224' title='bbox 1592 1977 1671 2002; x_wconf 79' lang='lat' dir='ltr'><strong>rec.</strong></span> 
     </span>
     <span class='ocr_line' id='line_1_29' title="bbox 145 2021 1672 2070; baseline 0.001 -13"><span class='ocrx_word' id='word_1_225' title='bbox 145 2033 194 2057; x_wconf 90' lang='lat' dir='ltr'><strong>m.</strong></span> <span class='ocrx_word' id='word_1_226' title='bbox 219 2022 363 2069; x_wconf 78' lang='lat' dir='ltr'><strong>gravius</strong></span> <span class='ocrx_word' id='word_1_227' title='bbox 388 2022 466 2068; x_wconf 89' lang='lat' dir='ltr'><strong>PR,</strong></span> <span class='ocrx_word' id='word_1_228' title='bbox 491 2022 636 2070; x_wconf 82' lang='lat' dir='ltr'><strong>gravius</strong></span> <span class='ocrx_word' id='word_1_229' title='bbox 658 2021 748 2067; x_wconf 87' lang='lat' dir='ltr'><strong>PR,</strong></span> <span class='ocrx_word' id='word_1_230' title='bbox 772 2022 891 2070; x_wconf 83' lang='lat' dir='ltr'><strong>gravis</strong></span> <span class='ocrx_word' id='word_1_231' title='bbox 911 2027 966 2058; x_wconf 89' lang='lat' dir='ltr'><strong>est</strong></span> <span class='ocrx_word' id='word_1_232' title='bbox 987 2022 1177 2070; x_wconf 88' lang='lat' dir='ltr'><strong>serupulus</strong></span> <span class='ocrx_word' id='word_1_233' title='bbox 1199 2022 1406 2059; x_wconf 83' lang='lat' dir='ltr'><strong>delitiscens</strong></span> <span class='ocrx_word' id='word_1_234' title='bbox 1426 2023 1560 2058; x_wconf 82' lang='lat' dir='ltr'><strong>invisus</strong></span> <span class='ocrx_word' id='word_1_235' title='bbox 1580 2023 1616 2058; x_wconf 89' lang='lat' dir='ltr'><strong>in</strong></span> <span class='ocrx_word' id='word_1_236' title='bbox 1637 2035 1672 2070; x_wconf 88' lang='lat' dir='ltr'><strong>p.</strong></span> 
     </span>
     <span class='ocr_line' id='line_1_30' title="bbox 151 2074 1673 2128; baseline 0 -14"><span class='ocrx_word' id='word_1_237' title='bbox 151 2077 184 2113; x_wconf 93' lang='grc' dir='ltr'><em>Τ</em></span> <span class='ocrx_word' id='word_1_238' title='bbox 292 2074 479 2128; x_wconf 88' lang='lat' dir='ltr'><strong>inimicus]</strong></span> <span class='ocrx_word' id='word_1_239' title='bbox 502 2079 539 2114; x_wconf 93' lang='lat' dir='ltr'><strong>in</strong></span> <span class='ocrx_word' id='word_1_240' title='bbox 560 2078 615 2114; x_wconf 84' lang='lat' dir='ltr'><strong>his</strong></span> <span class='ocrx_word' id='word_1_241' title='bbox 636 2079 714 2122; x_wconf 84' lang='lat' dir='ltr'><strong>Pb3</strong></span> <span class='ocrx_word' id='word_1_242' title='bbox 746 2080 862 2115; x_wconf 81' lang='lat' dir='ltr'><strong>voluit</strong></span> <span class='ocrx_word' id='word_1_243' title='bbox 888 2078 1062 2125; x_wconf 81' lang='lat' dir='ltr'><strong>fortasse</strong></span> <span class='ocrx_word' id='word_1_244' title='bbox 1088 2078 1253 2115; x_wconf 88' lang='lat' dir='ltr'><strong>inimicus</strong></span> <span class='ocrx_word' id='word_1_245' title='bbox 1274 2079 1303 2114; x_wconf 85' lang='lat' dir='ltr'><strong>is</strong></span> <span class='ocrx_word' id='word_1_246' title='bbox 1325 2079 1406 2126; x_wconf 90' lang='lat' dir='ltr'><strong>qui,</strong></span> <span class='ocrx_word' id='word_1_247' title='bbox 1437 2084 1478 2114; x_wconf 83' lang='lat' dir='ltr'><strong>ut</strong></span> <span class='ocrx_word' id='word_1_248' title='bbox 1498 2083 1555 2115; x_wconf 83' lang='lat' dir='ltr'><strong>est</strong></span> <span class='ocrx_word' id='word_1_249' title='bbox 1576 2081 1614 2114; x_wconf 83' lang='lat' dir='ltr'><strong>in</strong></span> <span class='ocrx_word' id='word_1_250' title='bbox 1636 2079 1673 2114; x_wconf 91' lang='lat' dir='ltr'><em>B</em></span> 
     </span>
     <span class='ocr_line' id='line_1_31' title="bbox 146 2132 1671 2186; baseline 0.001 -17"><span class='ocrx_word' id='word_1_251' title='bbox 146 2132 214 2169; x_wconf 80' lang='lat' dir='ltr'><strong>suh</strong></span> <span class='ocrx_word' id='word_1_252' title='bbox 231 2139 380 2181; x_wconf 83' lang='lat' dir='ltr'><strong>pectore</strong></span> <span class='ocrx_word' id='word_1_253' title='bbox 403 2135 603 2179; x_wconf 77' lang='lat' dir='ltr'><strong>Erasmus,</strong></span> <span class='ocrx_word' id='word_1_254' title='bbox 627 2136 763 2171; x_wconf 81' lang='lat' dir='ltr'><strong>omisso</strong></span> <span class='ocrx_word' id='word_1_255' title='bbox 785 2139 861 2181; x_wconf 69' lang='grc' dir='ltr'><strong>εει,</strong></span> <span class='ocrx_word' id='word_1_256' title='bbox 894 2136 1010 2186; x_wconf 65' lang='lat' dir='ltr'><strong>aliter</strong></span> <span class='ocrx_word' id='word_1_257' title='bbox 1028 2134 1143 2171; x_wconf 88' lang='lat' dir='ltr'><strong>Prov.</strong></span> <span class='ocrx_word' id='word_1_258' title='bbox 1168 2134 1220 2170; x_wconf 89' lang='grc'><strong>23</strong></span> <span class='ocrx_word' id='word_1_259' title='bbox 1321 2134 1398 2171; x_wconf 90' lang='grc'><strong>201</strong></span> <span class='ocrx_word' id='word_1_260' title='bbox 1444 2135 1549 2171; x_wconf 76' lang='lat' dir='ltr'><strong>Vinc.</strong></span> <span class='ocrx_word' id='word_1_261' title='bbox 1573 2134 1671 2171; x_wconf 85' lang='lat' dir='ltr'><em>Bell.</em></span> 
     </span>
     <span class='ocr_line' id='line_1_32' title="bbox 146 2189 1669 2237; baseline 0 -12"><span class='ocrx_word' id='word_1_262' title='bbox 146 2199 205 2236; x_wconf 80' lang='lat' dir='ltr'><strong>sp.</strong></span> <span class='ocrx_word' id='word_1_263' title='bbox 225 2191 262 2227; x_wconf 81' lang='lat' dir='ltr'><strong>d.</strong></span> <span class='ocrx_word' id='word_1_264' title='bbox 285 2189 326 2237; x_wconf 85' lang='lat'><strong>5,</strong></span> <span class='ocrx_word' id='word_1_265' title='bbox 346 2189 415 2235; x_wconf 87' lang='lat'><strong>43,</strong></span> <span class='ocrx_word' id='word_1_266' title='bbox 440 2189 471 2226; x_wconf 89' lang='lat' dir='ltr'><em>C</em></span> <span class='ocrx_word' id='word_1_267' title='bbox 570 2190 851 2227; x_wconf 85' lang='lat' dir='ltr'><strong>conscictudinis</strong></span> <span class='ocrx_word' id='word_1_268' title='bbox 873 2191 929 2226; x_wconf 93' lang='lat' dir='ltr'><strong>B.-</strong></span> <span class='ocrx_word' id='word_1_269' title='bbox 959 2192 1123 2227; x_wconf 80' lang='lat' dir='ltr'><strong>voluitne</strong></span> <span class='ocrx_word' id='word_1_270' title='bbox 1143 2191 1408 2227; x_wconf 86' lang='lat' dir='ltr'><strong>conscientiae?</strong></span> <span class='ocrx_word' id='word_1_271' title='bbox 1523 2189 1603 2227; x_wconf 90' lang='grc'><strong>202</strong></span> <span class='ocrx_word' id='word_1_272' title='bbox 1635 2189 1669 2225; x_wconf 82' lang='lat' dir='ltr'><strong>d.</strong></span> 
     </span>
     <span class='ocr_line' id='line_1_33' title="bbox 145 2245 1671 2295; baseline 0.001 -14"><span class='ocrx_word' id='word_1_273' title='bbox 145 2250 201 2282; x_wconf 87' lang='lat' dir='ltr'><strong>est</strong></span> <span class='ocrx_word' id='word_1_274' title='bbox 222 2246 424 2284; x_wconf 80' lang='lat' dir='ltr'><strong>Bentleius</strong></span> <span class='ocrx_word' id='word_1_275' title='bbox 527 2246 608 2284; x_wconf 88' lang='grc'><strong>203</strong></span> <span class='ocrx_word' id='word_1_276' title='bbox 639 2245 783 2283; x_wconf 85' lang='lat' dir='ltr'><strong>difficile</strong></span> <span class='ocrx_word' id='word_1_277' title='bbox 806 2246 845 2292; x_wconf 90' lang='lat' dir='ltr'><strong>C,</strong></span> <span class='ocrx_word' id='word_1_278' title='bbox 867 2245 1022 2283; x_wconf 81' lang='lat' dir='ltr'><strong>difficilis</strong></span> <span class='ocrx_word' id='word_1_279' title='bbox 1043 2251 1099 2283; x_wconf 92' lang='lat' dir='ltr'><strong>est</strong></span> <span class='ocrx_word' id='word_1_280' title='bbox 1119 2259 1156 2295; x_wconf 84' lang='lat' dir='ltr'><strong>g.</strong></span> <span class='ocrx_word' id='word_1_281' title='bbox 1180 2258 1210 2285; x_wconf 88' lang='lat' dir='ltr'><strong>c.</strong></span> <span class='ocrx_word' id='word_1_282' title='bbox 1243 2246 1349 2283; x_wconf 81' lang='lat' dir='ltr'><strong>Vinc.</strong></span> <span class='ocrx_word' id='word_1_283' title='bbox 1373 2247 1472 2283; x_wconf 86' lang='lat' dir='ltr'><em>Bell.</em></span> <span class='ocrx_word' id='word_1_284' title='bbox 1494 2257 1552 2294; x_wconf 81' lang='lat' dir='ltr'><strong>sp.</strong></span> <span class='ocrx_word' id='word_1_285' title='bbox 1575 2247 1610 2283; x_wconf 81' lang='lat' dir='ltr'><strong>d.</strong></span> <span class='ocrx_word' id='word_1_286' title='bbox 1633 2247 1671 2290; x_wconf 74' lang='lat'><strong>5,</strong></span> 
     </span>
     <span class='ocr_line' id='line_1_34' title="bbox 146 2301 1671 2349; baseline 0.001 -11"><span class='ocrx_word' id='word_1_287' title='bbox 146 2301 197 2338; x_wconf 80' lang='lat'><strong>67</strong></span> <span class='ocrx_word' id='word_1_288' title='bbox 315 2301 397 2341; x_wconf 88' lang='grc'><strong>204</strong></span> <span class='ocrx_word' id='word_1_289' title='bbox 428 2307 483 2339; x_wconf 87' lang='lat' dir='ltr'><strong>est</strong></span> <span class='ocrx_word' id='word_1_290' title='bbox 510 2314 616 2339; x_wconf 86' lang='lat' dir='ltr'><strong>suum</strong></span> <span class='ocrx_word' id='word_1_291' title='bbox 637 2303 767 2340; x_wconf 86' lang='lat' dir='ltr'><em>PRE:</em></span> <span class='ocrx_word' id='word_1_292' title='bbox 794 2314 899 2339; x_wconf 90' lang='lat' dir='ltr'><strong>suum</strong></span> <span class='ocrx_word' id='word_1_293' title='bbox 921 2308 976 2339; x_wconf 85' lang='lat' dir='ltr'><strong>est</strong></span> <span class='ocrx_word' id='word_1_294' title='bbox 998 2302 1102 2339; x_wconf 88' lang='lat' dir='ltr'><strong>BFC</strong></span> <span class='ocrx_word' id='word_1_295' title='bbox 1133 2303 1237 2340; x_wconf 81' lang='lat' dir='ltr'><strong>Vinc.</strong></span> <span class='ocrx_word' id='word_1_296' title='bbox 1260 2303 1359 2339; x_wconf 86' lang='lat' dir='ltr'><em>Bell.</em></span> <span class='ocrx_word' id='word_1_297' title='bbox 1383 2314 1442 2349; x_wconf 82' lang='lat' dir='ltr'><strong>sp.</strong></span> <span class='ocrx_word' id='word_1_298' title='bbox 1462 2302 1498 2339; x_wconf 79' lang='grc' dir='ltr'><strong>ἅ.</strong></span> <span class='ocrx_word' id='word_1_299' title='bbox 1520 2302 1569 2349; x_wconf 89' lang='grc'>4,</span> <span class='ocrx_word' id='word_1_300' title='bbox 1592 2302 1671 2340; x_wconf 91' lang='grc'><strong>133</strong></span> 
     </span>
    </p>

    <p class='ocr_par' dir='ltr' id='par_1_7' title="bbox 84 2358 1672 2970">
     <span class='ocr_line' id='line_1_35' title="bbox 307 2358 1672 2406; baseline -0.001 -11"><span class='ocrx_word' id='word_1_301' title='bbox 307 2359 488 2396; x_wconf 90' lang='lat' dir='ltr'><strong>hominem</strong></span> <span class='ocrx_word' id='word_1_302' title='bbox 527 2365 627 2396; x_wconf 77' lang='lat' dir='ltr'><strong>extra</strong></span> <span class='ocrx_word' id='word_1_303' title='bbox 657 2371 688 2396; x_wconf 94' lang='lat' dir='ltr'><strong>c.</strong></span> <span class='ocrx_word' id='word_1_304' title='bbox 720 2359 802 2396; x_wconf 82' lang='lat' dir='ltr'><strong>facit</strong></span> <span class='ocrx_word' id='word_1_305' title='bbox 831 2359 957 2395; x_wconf 80' lang='lat' dir='ltr'><strong>fenalis</strong></span> <span class='ocrx_word' id='word_1_306' title='bbox 999 2358 1175 2406; x_wconf 71' lang='lat' dir='ltr'><strong>(furialis‘l</strong></span> <span class='ocrx_word' id='word_1_307' title='bbox 1224 2371 1273 2395; x_wconf 83' lang='lat' dir='ltr'><strong>an</strong></span> <span class='ocrx_word' id='word_1_308' title='bbox 1303 2358 1437 2395; x_wconf 81' lang='lat' dir='ltr'><strong>venalis</strong></span> <span class='ocrx_word' id='word_1_309' title='bbox 1465 2374 1522 2389; x_wconf 93' lang='lat'><strong><em>=</em></strong></span> <span class='ocrx_word' id='word_1_310' title='bbox 1550 2358 1672 2404; x_wconf 80' lang='lat' dir='ltr'><strong>vilis?)</strong></span> 
     </span>
     <span class='ocr_line' id='line_1_36' title="bbox 144 2414 1670 2462; baseline -0.001 -11"><span class='ocrx_word' id='word_1_311' title='bbox 144 2415 305 2451; x_wconf 84' lang='lat' dir='ltr'><strong>incensio</strong></span> <span class='ocrx_word' id='word_1_312' title='bbox 331 2415 364 2451; x_wconf 92' lang='lat' dir='ltr'><em>T</em></span> <span class='ocrx_word' id='word_1_313' title='bbox 502 2415 584 2453; x_wconf 86' lang='grc'><strong>205</strong></span> <span class='ocrx_word' id='word_1_314' title='bbox 617 2415 676 2462; x_wconf 84' lang='lat' dir='ltr'><strong>Cf.</strong></span> <span class='ocrx_word' id='word_1_315' title='bbox 699 2428 732 2453; x_wconf 84' lang='lat' dir='ltr'><strong>v.</strong></span> <span class='ocrx_word' id='word_1_316' title='bbox 756 2414 837 2453; x_wconf 89' lang='grc'><strong>364</strong></span> <span class='ocrx_word' id='word_1_317' title='bbox 974 2415 1116 2452; x_wconf 86' lang='lat' dir='ltr'><strong>timidus</strong></span> <span class='ocrx_word' id='word_1_318' title='bbox 1138 2415 1203 2452; x_wconf 84' lang='lat' dir='ltr'><strong>FC</strong></span> <span class='ocrx_word' id='word_1_319' title='bbox 1333 2426 1490 2451; x_wconf 81' lang='lat' dir='ltr'><strong>amorem</strong></span> <span class='ocrx_word' id='word_1_320' title='bbox 1513 2421 1612 2452; x_wconf 90' lang='lat' dir='ltr'><strong>tuum</strong></span> <span class='ocrx_word' id='word_1_321' title='bbox 1636 2415 1670 2450; x_wconf 85' lang='lat' dir='ltr'><em>B</em></span> 
     </span>
     <span class='ocr_line' id='line_1_37' title="bbox 142 2467 1670 2519; baseline -0.001 -12"><span class='ocrx_word' id='word_1_322' title='bbox 142 2482 208 2518; x_wconf 78' lang='lat' dir='ltr'><strong>pr.</strong></span> <span class='ocrx_word' id='word_1_323' title='bbox 237 2483 286 2508; x_wconf 88' lang='lat' dir='ltr'><strong>m.</strong></span> <span class='ocrx_word' id='word_1_324' title='bbox 317 2472 535 2509; x_wconf 85' lang='lat' dir='ltr'><strong>moriturum</strong></span> <span class='ocrx_word' id='word_1_325' title='bbox 556 2471 580 2506; x_wconf 88' lang='lat' dir='ltr'>C</span> <span class='ocrx_word' id='word_1_326' title='bbox 717 2471 796 2509; x_wconf 85' lang='lat'><strong>207</strong></span> <span class='ocrx_word' id='word_1_327' title='bbox 830 2472 875 2517; x_wconf 88' lang='lat' dir='ltr'><strong>C,</strong></span> <span class='ocrx_word' id='word_1_328' title='bbox 918 2472 1023 2508; x_wconf 79' lang='lat' dir='ltr'><strong>Vinc.</strong></span> <span class='ocrx_word' id='word_1_329' title='bbox 1047 2472 1147 2508; x_wconf 87' lang='lat' dir='ltr'><em>Bell.</em></span> <span class='ocrx_word' id='word_1_330' title='bbox 1170 2483 1227 2519; x_wconf 84' lang='lat' dir='ltr'><strong>sp.</strong></span> <span class='ocrx_word' id='word_1_331' title='bbox 1251 2473 1286 2508; x_wconf 80' lang='lat' dir='ltr'><em>cl.</em></span> <span class='ocrx_word' id='word_1_332' title='bbox 1308 2470 1354 2517; x_wconf 93' lang='lat'><strong>4,</strong></span> <span class='ocrx_word' id='word_1_333' title='bbox 1376 2470 1428 2508; x_wconf 88' lang='lat'><strong>82</strong></span> <span class='ocrx_word' id='word_1_334' title='bbox 1552 2467 1574 2492; x_wconf 80' lang='lat'><strong>’¹²</strong></span> <span class='ocrx_word' id='word_1_335' title='bbox 1596 2476 1670 2507; x_wconf 86' lang='lat' dir='ltr'><strong>est:</strong></span> 
     </span>
     <span class='ocr_line' id='line_1_38' title="bbox 144 2526 1669 2575; baseline -0.001 -12"><span class='ocrx_word' id='word_1_336' title='bbox 144 2531 200 2563; x_wconf 89' lang='lat' dir='ltr'><strong>est</strong></span> <span class='ocrx_word' id='word_1_337' title='bbox 220 2528 311 2564; x_wconf 85' lang='lat' dir='ltr'><strong>mori</strong></span> <span class='ocrx_word' id='word_1_338' title='bbox 333 2527 397 2565; x_wconf 77' lang='lat' dir='ltr'><strong>Lo</strong></span> <span class='ocrx_word' id='word_1_339' title='bbox 427 2528 531 2565; x_wconf 82' lang='lat' dir='ltr'><strong>Vinc.</strong></span> <span class='ocrx_word' id='word_1_340' title='bbox 648 2539 754 2564; x_wconf 78' lang='lat' dir='ltr'><strong>causa</strong></span> <span class='ocrx_word' id='word_1_341' title='bbox 782 2527 875 2564; x_wconf 80' lang='lat' dir='ltr'><strong>bona</strong></span> <span class='ocrx_word' id='word_1_342' title='bbox 906 2526 1061 2564; x_wconf 83' lang='lat' dir='ltr'><em>PRBC:</em></span> <span class='ocrx_word' id='word_1_343' title='bbox 1090 2526 1123 2563; x_wconf 88' lang='lat' dir='ltr'><strong>b.</strong></span> <span class='ocrx_word' id='word_1_344' title='bbox 1152 2539 1182 2564; x_wconf 93' lang='lat' dir='ltr'><strong>c.</strong></span> <span class='ocrx_word' id='word_1_345' title='bbox 1205 2528 1261 2569; x_wconf 83' lang='lat' dir='ltr'><strong>F,·</strong></span> <span class='ocrx_word' id='word_1_346' title='bbox 1289 2526 1354 2563; x_wconf 88' lang='lat' dir='ltr'><strong>Est</strong></span> <span class='ocrx_word' id='word_1_347' title='bbox 1379 2527 1414 2562; x_wconf 85' lang='lat' dir='ltr'><strong>h.</strong></span> <span class='ocrx_word' id='word_1_348' title='bbox 1439 2533 1464 2563; x_wconf 88' lang='lat' dir='ltr'><strong>t.</strong></span> <span class='ocrx_word' id='word_1_349' title='bbox 1497 2538 1563 2575; x_wconf 91' lang='lat' dir='ltr'><strong>pro</strong></span> <span class='ocrx_word' id='word_1_350' title='bbox 1585 2526 1617 2563; x_wconf 87' lang='lat' dir='ltr'><strong>b.</strong></span> <span class='ocrx_word' id='word_1_351' title='bbox 1638 2538 1669 2562; x_wconf 86' lang='lat' dir='ltr'><strong>c.</strong></span> 
     </span>
     <span class='ocr_line' id='line_1_39' title="bbox 142 2582 1668 2635; baseline 0 -16"><span class='ocrx_word' id='word_1_352' title='bbox 142 2584 235 2620; x_wconf 88' lang='lat' dir='ltr'><strong>mori</strong></span> <span class='ocrx_word' id='word_1_353' title='bbox 256 2585 457 2635; x_wconf 64' lang='lat' dir='ltr'><strong>Erasmus.</strong></span> <span class='ocrx_word' id='word_1_354' title='bbox 491 2583 550 2631; x_wconf 79' lang='lat' dir='ltr'><strong>Cf.</strong></span> <span class='ocrx_word' id='word_1_355' title='bbox 575 2597 607 2621; x_wconf 85' lang='lat' dir='ltr'><strong>v.</strong></span> <span class='ocrx_word' id='word_1_356' title='bbox 631 2584 683 2621; x_wconf 88' lang='grc'><strong>76</strong></span> <span class='ocrx_word' id='word_1_357' title='bbox 799 2583 879 2622; x_wconf 91' lang='grc'>208</span> <span class='ocrx_word' id='word_1_358' title='bbox 911 2583 1070 2620; x_wconf 81' lang='lat' dir='ltr'><strong>adversis</strong></span> <span class='ocrx_word' id='word_1_359' title='bbox 1090 2583 1216 2620; x_wconf 81' lang='lat' dir='ltr'><strong>auxilia</strong></span> <span class='ocrx_word' id='word_1_360' title='bbox 1238 2582 1417 2620; x_wconf 85' lang='lat' dir='ltr'><em>PRBEC</em></span> <span class='ocrx_word' id='word_1_361' title='bbox 1445 2583 1548 2619; x_wconf 71' lang='lat' dir='ltr'><strong>rinc.</strong></span> <span class='ocrx_word' id='word_1_362' title='bbox 1569 2583 1668 2619; x_wconf 89' lang='lat' dir='ltr'><em>Bell.</em></span> 
     </span>
     <span class='ocr_line' id='line_1_40' title="bbox 143 2638 1581 2689; baseline 0 -13"><span class='ocrx_word' id='word_1_363' title='bbox 143 2651 203 2688; x_wconf 74' lang='lat' dir='ltr'><strong>sp.</strong></span> <span class='ocrx_word' id='word_1_364' title='bbox 225 2641 261 2678; x_wconf 82' lang='lat' dir='ltr'><strong>d.</strong></span> <span class='ocrx_word' id='word_1_365' title='bbox 284 2640 325 2688; x_wconf 85' lang='lat'><strong>4,</strong></span> <span class='ocrx_word' id='word_1_366' title='bbox 347 2641 420 2678; x_wconf 83' lang='lat'><strong>67:</strong></span> <span class='ocrx_word' id='word_1_367' title='bbox 452 2640 589 2677; x_wconf 84' lang='lat' dir='ltr'><strong>adversi</strong></span> <span class='ocrx_word' id='word_1_368' title='bbox 610 2640 760 2677; x_wconf 82' lang='lat' dir='ltr'><strong>consilia</strong></span> <span class='ocrx_word' id='word_1_369' title='bbox 781 2641 820 2676; x_wconf 84' lang='lat' dir='ltr'><em>F</em></span> <span class='ocrx_word' id='word_1_370' title='bbox 930 2639 1155 2676; x_wconf 79' lang='lat' dir='ltr'><strong>commendat</strong></span> <span class='ocrx_word' id='word_1_371' title='bbox 1176 2641 1225 2689; x_wconf 82' lang='lat' dir='ltr'><strong>R,</strong></span> <span class='ocrx_word' id='word_1_372' title='bbox 1249 2644 1290 2676; x_wconf 81' lang='lat' dir='ltr'><strong>ul</strong></span> <span class='ocrx_word' id='word_1_373' title='bbox 1310 2639 1419 2686; x_wconf 82' lang='lat' dir='ltr'><strong>infra</strong></span> <span class='ocrx_word' id='word_1_374' title='bbox 1443 2652 1474 2676; x_wconf 86' lang='lat' dir='ltr'><strong>v.</strong></span> <span class='ocrx_word' id='word_1_375' title='bbox 1499 2638 1581 2676; x_wconf 90' lang='grc'><strong>220</strong></span> 
     </span>
     <span class='ocr_line' id='line_1_41' title="bbox 143 2694 1667 2744; baseline -0.002 -10"><span class='ocrx_word' id='word_1_376' title='bbox 143 2695 224 2735; x_wconf 82' lang='grc'><strong>209</strong></span> <span class='ocrx_word' id='word_1_377' title='bbox 257 2698 415 2735; x_wconf 78' lang='lat' dir='ltr'><strong>Excidit</strong></span> <span class='ocrx_word' id='word_1_378' title='bbox 442 2699 480 2733; x_wconf 79' lang='lat' dir='ltr'><strong>in</strong></span> <span class='ocrx_word' id='word_1_379' title='bbox 502 2697 556 2743; x_wconf 82' lang='lat' dir='ltr'><strong>F,</strong></span> <span class='ocrx_word' id='word_1_380' title='bbox 586 2697 639 2744; x_wconf 81' lang='lat' dir='ltr'><strong>cf.</strong></span> <span class='ocrx_word' id='word_1_381' title='bbox 664 2698 716 2733; x_wconf 77' lang='lat' dir='ltr'><strong>ad</strong></span> <span class='ocrx_word' id='word_1_382' title='bbox 734 2709 767 2734; x_wconf 81' lang='grc' dir='ltr'><strong>υ.</strong></span> <span class='ocrx_word' id='word_1_383' title='bbox 792 2695 873 2732; x_wconf 88' lang='grc'><strong>213</strong></span> <span class='ocrx_word' id='word_1_384' title='bbox 988 2695 1031 2732; x_wconf 83' lang='lat' dir='ltr'><strong>ab</strong></span> <span class='ocrx_word' id='word_1_385' title='bbox 1059 2695 1121 2732; x_wconf 86' lang='lat' dir='ltr'><strong>illo</strong></span> <span class='ocrx_word' id='word_1_386' title='bbox 1145 2694 1191 2742; x_wconf 82' lang='lat' dir='ltr'><strong>C,</strong></span> <span class='ocrx_word' id='word_1_387' title='bbox 1221 2695 1262 2731; x_wconf 86' lang='lat' dir='ltr'><strong>ah</strong></span> <span class='ocrx_word' id='word_1_388' title='bbox 1290 2695 1409 2743; x_wconf 84' lang='lat' dir='ltr'><strong>aliquo</strong></span> <span class='ocrx_word' id='word_1_389' title='bbox 1442 2695 1546 2731; x_wconf 81' lang='lat' dir='ltr'><strong>Ve&#39;nc.</strong></span> <span class='ocrx_word' id='word_1_390' title='bbox 1569 2696 1667 2732; x_wconf 91' lang='lat' dir='ltr'><em>Bell.</em></span> 
     </span>
     <span class='ocr_line' id='line_1_42' title="bbox 142 2752 1669 2800; baseline -0.001 -11"><span class='ocrx_word' id='word_1_391' title='bbox 142 2763 202 2800; x_wconf 75' lang='lat' dir='ltr'><strong>sp.</strong></span> <span class='ocrx_word' id='word_1_392' title='bbox 223 2753 260 2790; x_wconf 82' lang='lat' dir='ltr'><strong>d.</strong></span> <span class='ocrx_word' id='word_1_393' title='bbox 279 2753 327 2799; x_wconf 88' lang='lat'><strong>4,</strong></span> <span class='ocrx_word' id='word_1_394' title='bbox 356 2754 457 2799; x_wconf 85' lang='lat'>138,</span> <span class='ocrx_word' id='word_1_395' title='bbox 493 2752 585 2790; x_wconf 84' lang='lat' dir='ltr'><strong>laedi</strong></span> <span class='ocrx_word' id='word_1_396' title='bbox 616 2752 658 2789; x_wconf 83' lang='lat' dir='ltr'><strong>ab</strong></span> <span class='ocrx_word' id='word_1_397' title='bbox 688 2763 731 2789; x_wconf 87' lang='lat' dir='ltr'><strong>eo</strong></span> <span class='ocrx_word' id='word_1_398' title='bbox 754 2753 791 2788; x_wconf 93' lang='lat' dir='ltr'><em>B</em></span> <span class='ocrx_word' id='word_1_399' title='bbox 906 2762 977 2788; x_wconf 91' lang='lat' dir='ltr'><strong>non</strong></span> <span class='ocrx_word' id='word_1_400' title='bbox 1013 2753 1132 2800; x_wconf 87' lang='lat' dir='ltr'><strong>possis</strong></span> <span class='ocrx_word' id='word_1_401' title='bbox 1161 2752 1263 2800; x_wconf 84' lang='lat' dir='ltr'><strong>queri</strong></span> <span class='ocrx_word' id='word_1_402' title='bbox 1290 2752 1347 2787; x_wconf 89' lang='lat' dir='ltr'><strong>B:</strong></span> <span class='ocrx_word' id='word_1_403' title='bbox 1382 2762 1453 2787; x_wconf 87' lang='lat' dir='ltr'><strong>non</strong></span> <span class='ocrx_word' id='word_1_404' title='bbox 1482 2752 1669 2800; x_wconf 87' lang='lat' dir='ltr'><strong>conpossit</strong></span> 
     </span>
     <span class='ocr_line' id='line_1_43' title="bbox 84 2807 1667 2858; baseline -0.004 -9"><span class='ocrx_word' id='word_1_405' title='bbox 84 2842 92 2849; x_wconf 81' lang='lat'><em>.</em></span> <span class='ocrx_word' id='word_1_406' title='bbox 146 2810 271 2856; x_wconf 77' lang='lat' dir='ltr'><strong>quaeri</strong></span> <span class='ocrx_word' id='word_1_407' title='bbox 297 2811 417 2856; x_wconf 75' lang='lat' dir='ltr'><strong>PaR,</strong></span> <span class='ocrx_word' id='word_1_408' title='bbox 455 2820 529 2846; x_wconf 86' lang='lat' dir='ltr'><strong>non</strong></span> <span class='ocrx_word' id='word_1_409' title='bbox 558 2809 748 2858; x_wconf 83' lang='lat' dir='ltr'><strong>conpossit</strong></span> <span class='ocrx_word' id='word_1_410' title='bbox 776 2809 878 2857; x_wconf 90' lang='lat' dir='ltr'><strong>queri</strong></span> <span class='ocrx_word' id='word_1_411' title='bbox 906 2807 983 2853; x_wconf 81' lang='lat' dir='ltr'><strong>Pb,</strong></span> <span class='ocrx_word' id='word_1_412' title='bbox 1019 2810 1205 2856; x_wconf 83' lang='lat' dir='ltr'><strong>conpossit</strong></span> <span class='ocrx_word' id='word_1_413' title='bbox 1233 2808 1355 2855; x_wconf 80' lang='lat' dir='ltr'><strong>quaeri</strong></span> <span class='ocrx_word' id='word_1_414' title='bbox 1383 2808 1418 2843; x_wconf 82' lang='lat' dir='ltr'><em>R</em></span> <span class='ocrx_word' id='word_1_415' title='bbox 1447 2818 1523 2844; x_wconf 82' lang='lat' dir='ltr'><strong>sec.</strong></span> <span class='ocrx_word' id='word_1_416' title='bbox 1554 2820 1602 2844; x_wconf 88' lang='lat' dir='ltr'><strong>m.</strong></span> <span class='ocrx_word' id='word_1_417' title='bbox 1628 2810 1667 2844; x_wconf 75' lang='lat' dir='ltr'><strong>in</strong></span> 
     </span>
     <span class='ocr_line' id='line_1_44' title="bbox 143 2865 1669 2915; baseline -0.001 -14"><span class='ocrx_word' id='word_1_418' title='bbox 143 2876 269 2914; x_wconf 72' lang='lat' dir='ltr'><strong>mar-9.</strong></span> <span class='ocrx_word' id='word_1_419' title='bbox 291 2876 367 2903; x_wconf 89' lang='lat' dir='ltr'><strong>non</strong></span> <span class='ocrx_word' id='word_1_420' title='bbox 394 2866 512 2915; x_wconf 87' lang='lat' dir='ltr'><strong>possit</strong></span> <span class='ocrx_word' id='word_1_421' title='bbox 540 2866 642 2914; x_wconf 80' lang='lat' dir='ltr'><strong>queri</strong></span> <span class='ocrx_word' id='word_1_422' title='bbox 676 2865 777 2902; x_wconf 70' lang='lat' dir='ltr'><strong>Vino.</strong></span> <span class='ocrx_word' id='word_1_423' title='bbox 801 2869 838 2901; x_wconf 80' lang='lat' dir='ltr'><em>el</em></span> <span class='ocrx_word' id='word_1_424' title='bbox 860 2865 895 2901; x_wconf 88' lang='lat' dir='ltr'><em>B</em></span> <span class='ocrx_word' id='word_1_425' title='bbox 915 2875 992 2901; x_wconf 79' lang='lat' dir='ltr'><strong>sec.</strong></span> <span class='ocrx_word' id='word_1_426' title='bbox 1016 2875 1062 2900; x_wconf 89' lang='lat' dir='ltr'><strong>m.</strong></span> <span class='ocrx_word' id='word_1_427' title='bbox 1085 2866 1120 2900; x_wconf 78' lang='lat' dir='ltr'><strong>si</strong></span> <span class='ocrx_word' id='word_1_428' title='bbox 1146 2869 1250 2900; x_wconf 82' lang='lat' dir='ltr'><strong>recle</strong></span> <span class='ocrx_word' id='word_1_429' title='bbox 1269 2865 1363 2911; x_wconf 71' lang='lat' dir='ltr'><strong>leyi,</strong></span> <span class='ocrx_word' id='word_1_430' title='bbox 1392 2874 1548 2911; x_wconf 72' lang='lat' dir='ltr'><strong>nequeas</strong></span> <span class='ocrx_word' id='word_1_431' title='bbox 1569 2865 1669 2911; x_wconf 86' lang='lat' dir='ltr'><strong>queri</strong></span> 
     </span>
     <span class='ocr_line' id='line_1_45' title="bbox 143 2920 688 2970; baseline -0.002 -12"><span class='ocrx_word' id='word_1_432' title='bbox 143 2920 184 2968; x_wconf 79' lang='lat' dir='ltr'><strong>G,</strong></span> <span class='ocrx_word' id='word_1_433' title='bbox 207 2931 280 2958; x_wconf 88' lang='lat' dir='ltr'><strong>non</strong></span> <span class='ocrx_word' id='word_1_434' title='bbox 301 2923 398 2959; x_wconf 80' lang='lat' dir='ltr'><strong>ausis</strong></span> <span class='ocrx_word' id='word_1_435' title='bbox 420 2922 522 2970; x_wconf 87' lang='lat' dir='ltr'><strong>queri</strong></span> <span class='ocrx_word' id='word_1_436' title='bbox 544 2923 688 2959; x_wconf 79' lang='lat' dir='ltr'><strong>Gruter</strong></span> 
     </span>
    </p>
   </div>
  </div>
 </body>
</html>
