1956 3308
0 2956 5 2973 ,

0 3204 20 3308 ξ

820 219 884 252 DE
912 221 1131 254 moninus.
1661 212 1738 254 141

238 327 305 368 55.
337 323 631 380 Eleemosyna
645 338 732 366 non
747 328 836 366 tam
851 324 1167 382 accipientibus
1178 324 1357 382 prodest
1369 338 1499 382 quam
1515 324 1741 380 ‹lantibus3

239 395 307 434 56.
341 392 424 448 (et)
457 405 555 449 spes
586 391 769 448 praemii
800 391 1009 434 solacium
1039 392 1088 435 fit
1119 391 1293 435 laboris.

237 464 305 502 57.
338 458 464 513 Quae
494 465 562 502 est
591 460 784 501 maxima
814 461 1016 516 egestas?
1046 461 1247 504 avaritia.

236 532 303 570 58.
336 527 553 570 Pecuniae
584 527 799 585 imperare
830 534 1015 585 oportet,
1046 544 1133 571 non
1163 529 1343 571 servire.
1727 570 1730 572 ,

234 600 300 638 59.
332 594 512 638 Nullum
555 595 696 652 magis
741 597 961 639 conscium
1006 602 1285 654 peccatorum
1327 603 1499 640 tuorum
1539 597 1738 639 timueris

336 678 466 721 quam
494 669 630 708 temet
658 664 825 721 ipsum3
864 663 972 708 alios
1004 665 1119 708 enim
1148 671 1272 722 potes
1304 665 1515 722 effugere,
1545 671 1590 708 te
1620 681 1741 707 num-

337 746 481 789 quam.

236 804 302 843 60.
333 799 446 853 Quis
477 806 545 842 est
574 799 772 857 pauper?
805 798 896 852 Qui
927 801 1014 844 sibi
1045 801 1210 858 (dives)
1241 800 1429 844 videtur.

237 872 303 910 61.
335 866 425 920 Qui
455 882 481 910 a
510 866 659 910 multis
691 868 881 923 timetur,
913 868 1070 911 multos
1100 869 1239 911 timet.

237 940 303 978 62.
335 935 647 978 Infelicitatem
677 936 811 992 erige,
842 935 1098 979 felicitatem
1128 937 1349 980 submitte.

238 1009 304 1047 63.
336 1003 545 1046 Felicitas
576 1002 745 1046 infelici
775 1004 1024 1047 innocentia
1055 1011 1134 1049 est.

239 1075 303 1115 64.
333 1071 542 1129 Nequitia
571 1072 668 1129 ipsa
698 1078 765 1114 est
794 1087 933 1130 poena
963 1074 1045 1116 sui.

239 1144 307 1182 65.
338 1139 457 1183 Mala
486 1140 754 1182 conscientia
783 1154 914 1198 saepe
943 1143 1038 1183 tuta
1069 1147 1149 1195 est,
1180 1155 1333 1183 secura
1361 1156 1612 1199 numquam.

238 1213 304 1250 66.
336 1207 560 1250 Libidinis
590 1208 718 1250 initia
746 1207 1007 1264 continebis,
1039 1210 1077 1252 si
1108 1210 1272 1251 exitum
1305 1211 1579 1265 cogitaveris

238 1281 306 1319 67.
337 1275 548 1318 Beneficii
585 1277 755 1333 accepti
785 1291 1018 1333 numquam
1053 1283 1225 1335 oportet
1255 1277 1482 1334 oblivisci,
1521 1278 1613 1320 dati
1643 1293 1739 1335 pro-

338 1344 469 1386 tinus.

210 1496 286 1533 vult
305 1493 419 1545 (baec
438 1497 513 1534 duo
534 1497 652 1534 verba
674 1501 863 1545 corrupta
885 1507 937 1534 eae
953 1496 976 1543 S
995 1497 1063 1545 53)
1082 1497 1275 1534 ostendere
1293 1498 1362 1546 Gb,
1380 1499 1437 1535 Ga
1453 1509 1530 1536 sec.
1546 1510 1608 1540 m.‚·
1628 1510 1740 1547 agno-

209 1555 260 1590 sci
287 1559 380 1590 amat
401 1554 463 1602 qui
484 1553 561 1590 odit
589 1553 748 1590 ostendit
775 1554 971 1591 honestum
992 1559 1049 1590 est
1069 1556 1176 1592 codd.
1195 1553 1284 1602 fere
1305 1566 1409 1592 rece.
1526 1556 1579 1593 56
1610 1555 1739 1593 Parti-

209 1612 299 1647 cula
320 1615 358 1647 et
378 1611 581 1657 redundat,
605 1623 682 1659 qua
703 1612 750 1647 de
771 1621 814 1646 re
835 1610 889 1658 ef.
913 1611 965 1647 ad
984 1609 1007 1657 S
1032 1611 1096 1649 10.
1156 1611 1314 1649 Publilii
1338 1613 1505 1649 editores
1524 1613 1626 1649 hunc
1647 1614 1740 1660 effe-

210 1671 348 1704 cerunt
370 1670 587 1704 senarium.-
617 1666 667 1703 Ex
687 1668 834 1716 praemii
855 1667 963 1716 spel.
986 1666 1026 1704 fit
1047 1680 1076 1704 s.
1188 1667 1240 1705 57
1275 1667 1333 1716 Cf.
1355 1669 1466 1706 Publ.
1491 1669 1579 1717 Syr.
1603 1681 1635 1706 υ.
1659 1669 1739 1706 236

323 1724 376 1761 58
411 1724 470 1772 Cf.
498 1724 609 1761 Publ.
639 1723 728 1772 Syr.
759 1736 792 1761 v.
823 1724 874 1761 73
991 1724 1044 1761 59
1075 1725 1179 1762 Plut.
1208 1726 1392 1772 apophth.
1423 1726 1577 1763 Catonis
1603 1737 1690 1762 mat.
1715 1727 1738 1762 9

209 1773 375 1829 μάλιστα
412 1774 566 1829 ἐνόμιζε
602 1776 685 1816 δεῖν
715 1775 883 1816 ἕκαστον
913 1772 1036 1817 αὐτὸν
1064 1778 1284 1818 αἰδεῖσθαι·
1316 1778 1468 1830 μηδένα
1493 1773 1570 1831 γὰρ
1599 1777 1739 1818 ἑαυτοῦ

207 1834 402 1885 μηδέποτε
432 1832 552 1887 χωρὶς
580 1830 704 1883 εἶναι,
734 1842 772 1874 et
799 1838 910 1886 infra
941 1837 964 1884 S
989 1838 1080 1876 108.
1102 1840 1244 1876 Auson.
1278 1838 1358 1875 VII
1375 1840 1469 1887 Sap.
1494 1839 1532 1886 7,
1556 1840 1601 1889 1,
1626 1839 1738 1878 caeo.

209 1894 326 1932 Balb.
348 1894 478 1932 Paris.
501 1893 569 1942 65,
593 1906 660 1943 pq.
681 1893 897 1941 42,1socr.
928 1895 1158 1933 adDemon.
1181 1895 1227 1933 9.·
1266 1892 1475 1943 Μηδέποτε
1504 1891 1628 1944 μηδὲν
1655 1892 1739 1931 αἰσ-

207 1942 306 2001 χρὸν
333 1944 502 1999 ποιήσας
531 1946 660 1995 ἔλπιζε
690 1945 835 1998 λήσειν.
885 1946 952 1987 καὶ
981 1943 1058 2001 γὰρ
1078 1964 1129 1988 αν
1150 1944 1240 1996 τοὺς
1260 1944 1403 1997 αλλους
1424 1947 1576 2004 λάθῃς,
1605 1949 1741 2003 σαυτῷ

207 2018 250 2058 γε
270 2004 530 2056 συνειδήσεις.
642 2008 780 2056 poteris
799 2008 836 2044 P
949 2008 1004 2046 60
1033 2008 1132 2046 dives
1154 2009 1224 2055 Gb,
1246 2008 1379 2058 aliquid
1403 2010 1460 2046 Ga
1480 2022 1528 2046 m.
1551 2020 1644 2056 sec„
1666 2021 1737 2046 om.

208 2067 294 2102 rell.
356 2064 416 2114 Cf.
438 2067 485 2103 de
506 2065 647 2102 remed.
668 2064 762 2111 fort.
788 2064 853 2110 10,
878 2063 936 2100 1
941 2075 1078 2113 pauper
1098 2076 1158 2111 es,
1188 2066 1270 2113 quia
1290 2065 1452 2110 videris'3
1482 2067 1570 2102 ibid.
1597 2038 1662 2112 16,
1687 2066 1740 2104 10

209 2121 310 2158 ‘felix
331 2127 387 2158 est
407 2133 482 2159 non
504 2122 566 2170 qui
587 2120 664 2157 aliis
686 2120 843 2168 videtur,
865 2121 930 2157 sed
951 2122 1011 2169 qui
1032 2121 1128 2158 sibi'.
1264 2122 1315 2159 61
1349 2122 1439 2160 Sen.
1463 2125 1573 2170 epist.
1597 2122 1691 2169 105,
1710 2121 1739 2158 4

209 2177 286 2226 qui
308 2179 458 2215 timetur
478 2176 596 2215 timet’
619 2182 655 2214 et
674 2176 786 2215 Publ.
796 2177 900 2239 Syr.
923 2177 1004 2216 338
1129 2178 1181 2216 62
1215 2177 1418 2216 Cleobulus
1437 2191 1503 2240 ap.
1526 2179 1629 2216 Stob.
1649 2181 1738 2227 flor.

209 2235 249 2282 3,
267 2235 334 2283 79,
354 2247 400 2271 oc:
423 2226 691 2283 Εὗποροῦντα
711 2227 765 2283 μή
785 2223 1049 2283 ὑπερήφανον
1069 2227 1229 2281 εἷναι,’
1207 2233 1435 2282 αποροῦντα
1455 2226 1509 2284 μὴ
1531 2233 1737 2272 ταπεινοῦ-

206 2292 317 2328 σθαι.
434 2291 486 2330 63
519 2291 608 2329 Sen.
640 2296 811 2329 controv.
836 2291 932 2338 187,
955 2290 1007 2329 26
1030 2291 1106 2332 Bu.
1140 2290 1331 2341 ‘magnum
1346 2292 1561 2341 praesidium
1588 2293 1625 2329 in
1643 2293 1740 2341 peri-

208 2348 299 2385 culis
332 2347 554 2385 innocentia’
558 2375 566 2384 .
628 2348 825 2385 Sententia
862 2351 901 2385 in
929 2349 1037 2386 codd.
1074 2351 1227 2386 mutila.-
1270 2349 1425 2386 Infelicis
1456 2350 1660 2386 innocentia
1692 2349 1735 2395 G,

209 2405 362 2442 felicitas
395 2405 622 2442 innocentiae
652 2405 700 2446 S,-
744 2405 824 2442 Veri
861 2404 1013 2442 felicitas
1051 2406 1256 2443 innocentia
1291 2411 1348 2444 cst
1384 2407 1490 2444 codd.
1522 2416 1628 2443 rece.
1657 2417 1737 2442 vera

208 2463 312 2499 editt.
430 2461 482 2499 65
515 2461 603 2498 Sen.
626 2463 736 2508 epist.
759 2461 860 2509 105,
882 2462 906 2499 8
937 2461 1085 2498 ‘Tutum
1114 2462 1231 2511 aliqua
1261 2474 1319 2499 res
1350 2463 1386 2499 in
1408 2462 1497 2498 mala
1519 2463 1738 2499 conscientia

208 2523 379 2567 praestat,
400 2517 499 2554 nulla
520 2516 717 2555 sccurum’.
742 2521 852 2565 epist.
876 2517 944 2566 97,
964 2518 1015 2555 13
1037 2516 1144 2555 ‘Tuta
1164 2519 1299 2555 scelera
1321 2530 1402 2556 esse
1422 2525 1590 2567 possunt,
1612 2530 1738 2555 secura

209 2586 282 2612 non
302 2575 485 2624 possunt'.
540 2575 628 2612 Sen.
651 2574 820 2611 Phaedr.
846 2574 925 2612 169
948 2576 1006 2611 ed.
1029 2575 1139 2623 Peip.
1169 2573 1310 2612 ‘Scelus
1331 2575 1448 2624 aliqua
1470 2580 1610 2622 tutum,
1639 2575 1735 2611 nulla

208 2643 375 2669 securum
396 2631 508 2668 tulit’.
610 2631 663 2669 66
694 2631 813 2668 Mart.
836 2632 945 2669 Dum.
968 2633 1014 2668 de
1032 2631 1148 2679 form.
1171 2632 1259 2669 hon.
1283 2635 1382 2670 vitae
1404 2631 1443 2680 2,
1466 2633 1489 2669 6
1513 2632 1617 2668 ‘Cum
1638 2632 1737 2668 initia

208 2689 400 2735 inveneris,
423 2690 540 2726 exitus
562 2687 767 2736 cogitabis'.
810 2687 1014 2725 continebis
1035 2689 1066 2724 si
1087 2688 1118 2725 G
1140 2688 1186 2725 S.-
1215 2688 1415 2726 continebit
1437 2689 1498 2737 qui
1519 2690 1650 2737 vulyo‚·
1680 2688 1735 2736 cf.

209 2745 263 2781 ad
279 2745 304 2792 S
325 2745 378 2783 33
466 2742 487 2764 *
507 2745 741 2794 cogitaveris:
773 2744 990 2794 cogitaberis
1015 2744 1071 2782 Ga
1094 2745 1163 2791 Gb,
1184 2745 1357 2794 cogitabit
1378 2747 1487 2794 vulyo
1561 2745 1613 2782 67
1647 2744 1736 2783 Sen.

208 2802 255 2837 de
276 2802 360 2838 ben.
382 2801 431 2850 2,
454 2802 500 2838 11
535 2800 619 2846 ‘Qui
640 2801 738 2838 dedit
757 2799 972 2838 heneficium
994 2806 1130 2848 taceat,
1160 2807 1282 2838 narret
1303 2802 1364 2850 qui
1385 2800 1550 2850 accepit’.
1590 2802 1733 2839 Auson.

221 2857 297 2894 V11
316 2857 410 2905 Sap.
434 2858 481 2905 6,
502 2858 542 2895 4.
565 2858 603 2896 5.
636 2858 749 2896 Caec.
772 2858 887 2896 Balb.
910 2858 1006 2895 Par.
1028 2857 1097 2904 32,
1113 2869 1177 2907 pq.
1200 2857 1256 2896 40
1284 2857 1495 2907 ‘Acceptum
1522 2857 1733 2895 beneficium

209 2919 376 2950 aeternae
404 2916 596 2952 memoriae
625 2914 688 2951 ins
679 2915 880 2963 gendum
939 2915 1122 2952 Menand.
1155 2914 1318 2953 Monost.
1350 2914 1429 2951 749
1459 2909 1574 2964 χάριν
1603 2906 1734 2966 taenia
