1956 3308
266 247 346 288 140
859 254 920 284 mc
951 253 1166 285 uomens.

290 361 354 399 43.
386 357 481 399 Non
512 357 595 398 cris
618 357 662 397 in
682 355 843 412 patria:
875 354 1013 410 patria
1034 359 1099 395 est
1118 352 1375 409 ubicumque
1396 352 1504 394 bcnc
1525 357 1603 394 est.
1648 352 1762 394 Illud

391 424 517 477 enim,
548 437 623 480 per
644 421 758 478 quod
779 421 887 462 bene
909 426 987 474 est,
1017 434 1103 461 non
1124 421 1169 461 in
1189 418 1295 472 loco,
1327 419 1403 461 scd
1429 420 1474 460 in
1493 418 1665 461 homine
1686 425 1763 460 cst.

291 494 356 531 44.
387 489 506 532 Nihil
534 503 735 544 magnum
766 493 831 529 cst
859 487 903 528 in
930 486 1059 527 rebus
1079 485 1290 538 humanis,
1320 485 1404 528 nisi
1423 486 1590 527 animus
1611 499 1764 540 magna

390 557 644 612 despiciens.

289 628 354 665 45.
385 622 508 675 Quae
538 628 637 664 sunt
665 621 878 662 maximae
907 617 1118 661 divitiae?
1148 632 1234 660 non
1262 618 1506 660 desiderare
1543 618 1736 661 divitias.

295 695 362 732 46.
394 689 501 742 Quis
532 688 761 746 plurimum
791 685 952 728 habet?
982 686 1019 728 is
1050 686 1123 742 qui
1153 685 1375 727 minimum
1406 685 1536 741 cupit.

294 762 359 799 47.
392 755 512 808 Quid
542 761 607 797 est
635 754 891 796 beneficium
920 752 1054 795 dare?
1085 752 1210 794 deum
1242 751 1415 794 imitari.

292 828 359 866 48.
390 822 624 865 Honestius
655 827 720 863 est
750 835 846 862 cum
874 819 1136 862 iudicaveris
1165 832 1330 872 amare,
1369 831 1497 874 quam
1527 831 1623 861 cum
1652 831 1765 860 ama·

392 890 507 931 veris
538 888 744 931 iudicare.

291 963 358 999 49.
390 956 614 998 Dissensio
643 955 698 996 ab
728 953 813 996 alio
843 954 1037 1010 incipiat,
1068 966 1094 993 a
1121 958 1164 993 te
1193 958 1335 994 autem
1364 950 1670 994 reconciliatio.

292 1028 358 1066 50.
390 1024 600 1066 Succurre
630 1021 873 1079 paupertati
900 1020 1154 1073 amicorum,
1187 1020 1316 1061 immo
1337 1031 1536 1060 succurre
1564 1017 1766 1067 cuiusvis,

293 1095 356 1132 51.
388 1091 564 1131 Amicos
592 1087 806 1130 secundae
825 1101 893 1128 res
914 1087 1073 1143 optime
1092 1091 1259 1142 parant,
1288 1085 1496 1126 adversae
1515 1090 1658 1127 autem
1677 1097 1765 1125 ccr-

392 1157 557 1198 tissime
587 1155 784 1212 probant.

293 1229 358 1266 52.
391 1223 543 1264 Peiora
581 1227 680 1264 sunt
714 1226 829 1263 tecta
863 1220 962 1262 odia
991 1234 1118 1276 quam
1147 1224 1307 1275 aperta.
1370 1218 1523 1275 Itaque
1552 1223 1595 1259 te
1624 1218 1767 1259 minus

389 1290 550 1346 loquax
585 1289 785 1330 inimicus
818 1286 994 1329 offendit
1031 1300 1158 1343 quam
1188 1285 1365 1327 tacitus:
1405 1284 1531 1327 huius
1562 1285 1676 1327 enim
1705 1285 1769 1326 ira

391 1371 437 1398 se
467 1355 670 1409 denudat,
701 1354 815 1396 illius
847 1354 1013 1410 quaerit
1043 1352 1098 1394 ad
1127 1350 1368 1395 nocendum
1399 1352 1678 1394 occasionem.

295 1429 359 1466 53.
389 1423 502 1466 Mira
530 1424 640 1465 ratio
662 1424 756 1475 '³est,
796 1435 904 1478 quae
933 1435 1020 1464 non
1049 1419 1144 1462 vult
1172 1418 1432 1476 praedicari,
1465 1417 1580 1474 quod
1608 1417 1770 1474 gaudet

392 1489 601 1546 intellegi.

293 1563 360 1601 54.
391 1558 584 1613 Agnosci
611 1562 742 1610 amat,
772 1556 846 1612 qui
875 1554 991 1612 quod
1019 1554 1110 1609 agit
1138 1551 1340 1596 ostendit.

376 1730 430 1767 43
460 1731 517 1767 De
538 1730 676 1766 remed.
695 1728 789 1775 fort.
810 1729 857 1774 8,
879 1727 916 1763 2.
976 1727 1153 1763 Incertus
1166 1729 1285 1772 poeta
1307 1735 1370 1772 ap.
1392 1724 1467 1761 Cic.
1496 1722 1608 1760 Tusc.
1632 1722 1680 1769 5,
1702 1722 1769 1768 37,

271 1787 347 1824 108
369 1786 492 1833 (Ribb.
515 1791 611 1833 tray.
632 1797 674 1831 p.
696 1783 790 1830 211)
819 1782 946 1831 ‘patria
974 1787 1049 1828 est,
1078 1781 1290 1828 ubicumque
1319 1785 1373 1816 est
1400 1778 1519 1815 bene’.
1576 1778 1767 1825 Aristoph.

267 1844 367 1879 Plut.
393 1841 498 1878 1151
519 1837 658 1887 πατρίς
679 1835 756 1876 ἐστι
784 1829 878 1874 πᾶσ’
915 1828 968 1873 ἵν’
999 1828 1049 1872 ἂν
1077 1830 1227 1887 πράττῃ
1247 1848 1304 1880 τις
1326 1820 1379 1870 εὖ.
1494 1833 1547 1870 44
1577 1834 1771 1870 Martinus

268 1899 481 1934 Dumiensis
501 1897 548 1933 de
565 1895 736 1944 formula
756 1895 936 1932 honestae
957 1895 1056 1930 vitae
1078 1892 1116 1939 3,
1140 1893 1159 1928 1
1185 1891 1293 1928 ‘Nihil
1313 1889 1407 1927 aliud
1428 1900 1472 1925 m.
1494 1890 1530 1926 iu
1550 1900 1578 1926 r.
1597 1889 1630 1925 h.
1645 1901 1680 1925 n.
1697 1890 1771 1925 ani·

268 1965 346 1990 mus
381 1964 507 2000 magna
540 1949 768 2000 despiciens'.
827 1950 934 1986 Lact.
967 1951 1053 1985 inst.
1083 1948 1129 1994 6,
1161 1948 1181 1983 1
1211 1946 1342 1995 ‘Magni
1369 1945 1474 1982 animi
1505 1949 1561 1981 est
1587 1944 1769 1992 despicere

270 2008 459 2045 mortalia'.
519 2008 606 2044 Sen.
639 2010 745 2054 epist.
769 2006 815 2053 8,
837 2005 861 2042 5
892 2003 1069 2053 ‘Cogitate
1098 2003 1185 2039 nihil
1214 2007 1356 2051 praeter
1382 2002 1534 2037 animum
1562 2011 1642 2036 esse
1669 2001 1769 2036 mira-

271 2065 358 2111 bile,
387 2066 443 2100 cui
472 2074 600 2112 magno
629 2063 677 2099 nil
706 2072 871 2110 magnum
899 2059 983 2097 est'.
1096 2059 1162 2095 nisi
1184 2069 1312 2106 magno
1333 2058 1448 2093 animo
1469 2055 1641 2104 despicias
1662 2057 1770 2104 vulqo

379 2119 432 2156 45
464 2119 552 2158 Seu.
574 2121 679 2166 epist.
705 2117 776 2165 14,
801 2117 850 2153 17
882 2116 928 2152 ‘Is
951 2117 1097 2151 maxime
1119 2115 1246 2150 divitiis
1269 2114 1420 2159 fruitur,
1442 2113 1502 2159 qui
1525 2112 1664 2148 minime
1684 2110 1770 2148 divi-

268 2177 326 2212 tiis
348 2174 513 2224 indiget’.
618 2174 670 2211 46
702 2174 784 2211 Inc.
805 2176 916 2219 poeta
938 2183 1000 2218 ap.
1024 2170 1111 2207 Seu.
1135 2172 1242 2218 epist.
1266 2169 1358 2215 108,
1382 2167 1430 2203 11
1455 2166 1501 2202 ‘ls
1523 2166 1666 2203 minimo
1688 2170 1771 2215 eget

269 2231 448 2278 mortalis,
478 2232 537 2279 qui
566 2231 746 2266 minimum
775 2227 900 2277 cupit’.
961 2227 1047 2263 Sen.
1071 2228 1179 2274 epist.
1204 2225 1297 2271 119,
1319 2225 1342 2261 6
1372 2223 1447 2271 ‘qui
1477 2222 1628 2258 multum
1649 2221 1769 2268 habet,

268 2288 347 2336 plus
376 2287 502 2335 cupit'.
562 2286 703 2323 Auson.
736 2283 813 2321 VII
830 2283 920 2330 Sap.
946 2283 965 2319 1
980 2311 990 2328 ,
1013 2282 1050 2319 3.
1073 2282 1183 2318 Caec.
1206 2281 1315 2317 Balb.
1339 2279 1440 2316 Mon.
1465 2277 1539 2326 12,
1563 2277 1594 2315 8v
1614 2290 1677 2326 pq.
1701 2276 1768 2323 23,

270 2343 369 2380 Stob.
389 2345 475 2389 flor.
500 2342 571 2388 17,
593 2341 643 2378 31
667 2335 880 2387 Σωκράτης
909 2332 1120 2384 ἐρωτηθεὶς
1147 2327 1226 2373 ὑπό
1245 2330 1350 2380 τινός
1369 2331 1451 2378 πῶς
1471 2326 1521 2368 ἂν
1540 2326 1692 2382 γένοιτό
1712 2344 1770 2376 τις

269 2391 476 2442 πλούσιος;
509 2393 561 2432 Εἰ
578 2397 657 2433 τῶν
685 2391 920 2443 ἐπιθυμιῶν,
943 2389 1038 2441 ἔφη,
1066 2388 1128 2439 εἴη
1149 2387 1268 2440 πένης
1381 2389 1433 2426 47
1466 2389 1552 2427 Sen.
1575 2389 1622 2426 de
1641 2389 1766 2437 benef.

270 2455 309 2501 3,
336 2453 401 2502 15,
422 2453 447 2489 4
469 2452 551 2497 ‘Qui
571 2452 629 2488 dat
649 2451 833 2498 beneficia,
855 2450 941 2486 deos
963 2448 1144 2485 imitatur'.
1259 2446 1312 2484 48
1344 2445 1433 2483 Sen.
1455 2447 1562 2492 epist.
1585 2444 1624 2490 3,
1645 2444 1670 2480 2
1693 2444 1769 2491 ‘qui

270 2515 393 2546 contra
423 2513 607 2558 praccepta
636 2507 890 2556 Theophrasti,
919 2516 999 2541 cum
1027 2509 1252 2550 amaverunt,
1278 2501 1456 2548 iudicant,
1484 2505 1519 2537 et
1548 2510 1620 2537 non
1640 2505 1770 2545 amant,

272 2577 351 2602 cum
378 2564 653 2601 iudicaverunt’.
766 2563 818 2599 49
849 2563 1067 2608 Aristippus
1087 2571 1149 2606 ap.
1174 2559 1274 2597 Stob.
1293 2559 1379 2606 flor.
1403 2556 1477 2603 84,
1501 2555 1569 2593 19:
1599 2549 1769 2603 μέμνησο

271 2614 331 2658 ὅτι
351 2619 419 2667 τῆς
439 2615 508 2667 μὲν
532 2612 763 2662 διαστάσεως
783 2610 832 2654 σύ
853 2610 975 2665 ἤρξω,
1005 2614 1071 2662 τῆς
1092 2611 1134 2652 δὲ
1154 2607 1362 2657 διαλύσεως
1381 2605 1467 2662 ἐγώ.
1581 2609 1635 2648 50
1662 2611 1768 2647 immo

272 2687 439 2714 succurre
461 2675 541 2712 GS:
567 2677 674 2711 immo
697 2685 843 2712 occurre
866 2675 994 2721 vulqo,
1022 2672 1133 2709 Prov.
1158 2670 1235 2709 102
1349 2665 1370 2687 *
1387 2667 1542 2705 cuiusvis
1563 2666 1622 2702 vel
1639 2666 1768 2702 cuivis:

273 2733 403 2769 cuiviac
425 2732 469 2779 G,
490 2732 590 2768 cuive
612 2731 649 2776 S,
671 2743 740 2767 om.
765 2731 866 2766 editt.
888 2734 923 2766 et
944 2728 1057 2765 Prov.
1164 2726 1214 2763 51
1247 2726 1387 2762 Auson.
1420 2721 1497 2760 1⁷11
1513 2721 1605 2768 Sap.
1627 2720 1665 2767 2,
1687 2722 1722 2758 6.
1746 2722 1769 2758 7

385 2787 436 2825 52
467 2782 606 2836 peiora]
628 2786 880 2834 perniciosiora
904 2784 938 2821 P
1061 2784 1163 2819 huius
1186 2809 1194 2818 .
1217 2808 1226 2817 .
1249 2807 1258 2817 .
1281 2780 1500 2817 occasionem
1521 2789 1589 2814 om.
1612 2778 1713 2814 editt.
1735 2781 1771 2814 et

275 2845 380 2880 codd.
405 2854 506 2880 racc.
528 2844 633 2879 huius
654 2842 734 2879 PS:
763 2842 862 2878 cuius
885 2841 915 2877 G
1029 2838 1081 2875 54
1112 2839 1226 2875 Deest
1245 2838 1342 2874 haec
1364 2836 1547 2871 sententia
1569 2835 1605 2870 in
1628 2834 1708 2870 cod.
1731 2833 1771 2879 S,

274 2902 312 2935 in
333 2911 452 2947 mar-9.
476 2899 589 2946 inser.
613 2910 712 2934 man.
736 2908 811 2935 sec.
835 2897 1032 2942 adscripta
1054 2898 1109 2931 est
1129 2897 1167 2930 in
1189 2893 1258 2929 Ga.
1289 2891 1455 2940 Agnosce
1474 2894 1564 2926 amat
1584 2889 1679 2937 quod
1700 2899 1770 2927 non
