1956 3308
677 239 1039 273 PROLEGOMENA.
1557 237 1610 279 27

18 377 20 379 ,
91 339 169 382 sed
198 338 436 382 Publilium
467 339 642 398 Syrum,
673 341 773 384 licet
803 344 843 385 ei
872 346 1126 388 recentioris
1155 347 1310 389 aetatis
1341 347 1510 390 codices
1531 349 1610 391 Pa-

15 415 19 465 {
89 407 249 450 risinos
284 411 459 465 praesto
495 408 632 452 fuisse
662 409 849 453 libenter
877 411 1057 468 largiar,
1094 414 1497 472 interpolationibus
1527 432 1613 459 non

20 528 23 537 s
90 475 233 518 minus
262 474 526 518 deformavit
553 491 680 533 quam
710 479 947 534 ingeniosis
969 481 1344 525 emendationibus
1364 476 1611 540 perpolivit.

23 593 25 595 ¹
90 542 191 586 Non
218 543 282 586 ita
309 542 467 586 multas
497 544 673 601 quidem
704 547 939 589 sententias
971 563 1028 590 ex
1057 549 1303 605 proverbiis
1334 551 1405 592 vel
1432 550 1610 608 Anony-

92 626 161 654 mo
190 610 246 654 de
274 611 468 654 moribus
498 613 677 669 recepit,
701 613 788 670 sed
817 620 936 657 tanto
966 614 1112 672 plures
1135 631 1191 658 ex
1212 616 1389 670 Seneca,
1418 610 1618 661 Pseudo?

91 679 270 722 caecilio
300 678 438 722 Balbo
475 678 684 737 aliisque,
725 696 831 738 quas
861 683 908 724 in
937 682 1159 726 codicibus
1189 684 1460 742 interpolatis
1490 687 1609 728 inve-

25 747 27 751 ‘
89 753 228 790 uerat.
287 747 370 789 Rei
407 747 613 795 metricae
649 748 712 790 ita
742 763 789 791 se
821 749 1022 807 praebuit
1052 751 1260 808 peritum,
1299 758 1346 794 ut
1376 754 1611 796 sententias

21 858 24 860 .
89 829 181 858 non
203 814 407 873 probaret
435 815 522 857 nisi
552 829 662 871 quae
690 830 738 857 re
768 831 873 858 vera
902 824 1039 860 metro
1068 818 1303 861 adstrictae
1334 826 1507 874 essent,
1538 836 1609 878 pe-

23 891 26 895 ’
90 881 259 940 destres
298 888 442 925 autem
480 882 739 939 corrigendo
775 884 979 945 redderet
1015 885 1146 941 tales,
1190 893 1239 929 ut
1268 888 1347 929 vix
1385 889 1611 945 quisquam

90 965 164 993 eas
192 965 220 992 a
249 949 450 993 versibus
481 949 752 1008 distinguere
782 959 941 1009 posset.

20 1062 41 1075 Δ,
203 1017 292 1068 Sed
320 1023 370 1060 ut
407 1017 463 1060 de
492 1019 694 1061 versibus
725 1020 1019 1077 interpolatiS,
1058 1035 1164 1078 quos
1194 1022 1239 1064 in
1269 1023 1507 1080 appendice
1537 1039 1611 1067 ex-

90 1084 340 1144 primendos
377 1086 548 1140 curavi,
594 1086 676 1129 hoc
712 1086 806 1130 loco
844 1087 954 1130 nihil
991 1087 1153 1144 dicam,
1192 1090 1238 1132 in
1274 1090 1407 1133 alium
1440 1107 1613 1149 ‚quoque

26 1173 35 1219 τ’
91 1167 279 1197 errorem
309 1153 517 1197 Pithoeus
555 1170 814 1212 quamquam
851 1156 1015 1198 invitus
1056 1157 1242 1200 editores
1273 1160 1532 1215 posteriores
1563 1174 1612 1201 eo

30 1251 33 1254 -
89 1221 287 1277 induxit,
309 1221 426 1279 quod
454 1221 615 1265 librum
646 1237 769 1265 suum
799 1238 885 1266 non
914 1224 1064 1267 addito
1093 1226 1266 1267 nomine
1294 1241 1370 1268 suo
1401 1227 1445 1268 in
1473 1225 1611 1269 lucem

21 1293 29 1342 j
91 1290 307 1332 emiserat.
338 1289 449 1332 Cum
463 1290 578 1332 enim
594 1291 740 1347 paucis
756 1291 881 1333 annis
897 1297 994 1349 post
1008 1292 1050 1335 J.
1070 1292 1303 1349 Scaliger
1322 1293 1500 1336 Publilii
1517 1294 1611 1336 senss

31 1367 32 1370 ’
55 1370 58 1374 ’
90 1358 250 1401 tentias
270 1356 451 1400 selectas
472 1357 683 1401 edidisset
703 1358 969 1417 totidemque
990 1360 1189 1403 versibus
1209 1361 1376 1417 graecis
1398 1360 1611 1404 reddidis-

91 1431 158 1468 set
177 1425 338 1482 (Lugd.
357 1426 458 1468 Bat.
485 1426 606 1480 1598,
629 1433 673 1469 et
702 1427 859 1470 iterum
883 1417 930 1489 in
951 1442 1098 1485 opusc.
1121 1427 1307 1470 diversis
1329 1428 1465 1472 Paris.
1491 1429 1611 1472 1605.

31 1493 32 1496 ’
92 1492 162 1535 Cf.
190 1493 413 1551 Bernays,
449 1494 553 1539 Jos..
575 1494 730 1537 Justus
761 1492 974 1551 Scaliger,
1013 1510 1085 1553 pg.
1115 1496 1220 1549 286,
1251 1496 1374 1551 290),
1414 1512 1518 1539 usus
1555 1497 1612 1538 ad

91 1560 173 1603 hoc
202 1560 393 1604 editione
423 1560 673 1616 Pithoeana‚
704 1563 816 1605 sicut
846 1563 940 1620 ipse
970 1563 1078 1606 dicit
1107 1564 1154 1605 in
1183 1564 1310 1620 epist.
1341 1564 1426 1606 360
1455 1563 1610 1619 (Scali-

13 1639 34 1681 j
90 1629 186 1685 ‘geri
223 1627 458 1687 epistulae,
498 1629 701 1672 Francof.
737 1630 885 1687 1627),
924 1630 1118 1687 proclive
1155 1638 1247 1673 erat
1280 1630 1499 1686 Scaligero
1537 1632 1610 1673 tri-

27 1726 49 1746 „
92 1697 240 1752 buere,
261 1711 373 1754 quae
391 1697 600 1740 Pithoeus
621 1697 693 1739 vel
713 1704 954 1740 mutaverat
975 1698 1046 1740 vel
1065 1699 1307 1741 addiderat.
1357 1699 1428 1741 Sic
1449 1698 1611 1740 factum

32 1767 39 1812 ἓ,
93 1769 173 1823 est,
203 1769 252 1807 ut
279 1779 306 1806 a
326 1763 531 1819 Grutero,
562 1764 775 1820 Bentleio,
806 1765 1066 1819 Ribbeckio,
1096 1765 1194 1807 aliis
1224 1765 1383 1808 multae
1414 1765 1611 1808 emenda-

27 1852 32 1872 :
91 1833 247 1886 tiones,
277 1847 460 1890 quarum
486 1839 637 1875 auctor
659 1833 863 1876 Pithoeus
884 1834 981 1887 fuit,
1013 1833 1232 1890 Scaligero
1251 1834 1611 1879 adscriberentur.

205 1900 319 1943 Eum
362 1915 551 1944 errorem
587 1902 775 1958 praeivit
812 1901 1089 1959 professor
1127 1901 1302 1958 quidam
1339 1901 1609 1957 Ingolsta-

1 1961 9 1980 ³
94 1967 319 2012 diensis.
379 1967 490 2011 Cum
521 1969 636 2011 enim
664 1969 836 2012 Marcus
857 1968 1079 2023 Velserus,
1109 1968 1372 2026 reipublicae
1391 1969 1610 2024 Augusta-

93 2049 176 2078 nae
211 2034 417 2078 duumvir
426 2050 455 2091 ,”
476 2051 590 2078 anno
620 2036 711 2078 fere
745 2026 851 2079 1599
881 2036 1075 2079 codicem
1105 2036 1428 2092 Frisingensem
1458 2036 1611 2078 ceteris

74 2137 76 2140 ,
95 2102 292 2146 omnibus
312 2102 639 2160 locupletiorem
659 2105 905 2161 reperisset,
935 2104 1097 2146 homini
1119 2103 1290 2145 cuidam
1315 2103 1452 2156 docto,
1485 2117 1610 2159 quem

94 2167 486 2234 Ingolstadiensem
525 2178 567 2214 ct
606 2186 662 2213 ex
691 2172 897 2214 societate
933 2172 1040 2214 Jesu
1076 2171 1210 2213 fuisse
1249 2169 1611 2213 verisimillimum

1 2247 7 2253 “
95 2245 184 2294 est,
220 2253 318 2282 eum
354 2238 562 2293 tradidit,
601 2245 649 2281 ut
686 2240 922 2281 sententias
959 2244 1172 2295 correctas
1204 2244 1246 2280 et
1276 2237 1455 2293 dimidia
1491 2243 1612 2294 parte

1 2330 7 2351 ρ
87 2306 324 2364 ‘ampliores
368 2307 526 2360 iterum
571 2306 732 2350 ederet.
791 2306 873 2349 Illo
913 2307 1009 2364 ipso
1052 2312 1246 2362 tempore
1281 2305 1441 2347 Mureti
1482 2318 1613 2361 opera

52 2434 54 2438 .
93 2373 342 2432 typothetas
380 2374 752 2431 Ingolstadienses
801 2380 1087 2417 exercuerunt
1122 2388 1200 2430 per
1237 2378 1440 2430 quattuor
1475 2371 1612 2414 lustra

45 2454 55 2496 Q
83 2442 324 2499 *quinquies
353 2443 473 2499 typis
504 2456 726 2499 expressa,
758 2456 838 2484 nec
866 2441 1102 2483 absurdum
1131 2440 1363 2482 videbatur
1389 2439 1527 2480 amico
1548 2437 1610 2480 illi

7 2541 10 2544 -
50 2529 63 2543 -2
96 2507 266 2552 Velseri
303 2509 522 2567 opusculis
559 2509 721 2552 Mureti
758 2507 937 2551 Publilii
981 2509 1218 2550 sententias
1258 2506 1439 2559 addere,
1480 2512 1528 2548 ut
1557 2531 1609 2535 —

3 2597 5 2599 ·
49 2599 67 2611 2
95 2575 235 2634 ipsius
270 2576 408 2619 verba
444 2576 713 2631 adscribam,
752 2590 862 2633 quae
898 2575 1032 2617 animi
1070 2574 1277 2617 laetitiam
1307 2589 1362 2615 ex
1392 2572 1610 2630 praeclaro

2 2631 12 2668 Ῑ
55 2647 76 2673 *7
95 2643 275 2705 invento
313 2650 562 2703 perceptam
592 2645 697 2687 satis
729 2642 918 2701 produnt
951 2668 999 2673 —
1031 2643 1332 2697 eleyantessi-mo
1361 2641 1491 2683 nostri
1520 2639 1612 2681 aevi

2 2733 19 2770 g*
49 2706 68 2735 3³
81 2731 82 2734 ¹
96 2711 262 2767 inqenio
299 2713 652 2768 eleyantissimum
681 2711 788 2754 illud
808 2711 943 2764 prisci
972 2710 1064 2752 aevi
1094 2710 1308 2763 inyem'um
1336 2708 1488 2750 habeas
1516 2720 1610 2748 con-

6 2803 7 2808 =
96 2778 296 2823 immam.
354 2779 526 2822 Prodiit
555 2779 690 2835 igitur
708 2791 824 2820 nova
843 2777 1154 2819 sententiarum
1174 2775 1364 2818 recensio
1384 2772 1612 2815 subiuncta

97 2843 257 2889 Mureti
293 2860 472 2903 operum
502 2845 710 2888 volumini
747 2843 936 2886 secundo
973 2858 1023 2885 ac
1060 2843 1204 2885 dicata
1239 2840 1440 2893 Velsero,
1477 2853 1611 2881 anno

0 2929 13 2964 j
38 2907 46 2946 <³
100 2911 230 2956 1600
259 2913 364 2970 (11011
392 2928 505 2957 anno
540 2913 668 2968 1603,
700 2919 747 2955 ut
778 2910 908 2968 vulgo
937 2910 1142 2966 traditur)
1173 2906 1509 3000 Ingolstadii
1527 2913 1609 2963 ty-
