1956 3308
1564 174 1585 182 s

726 222 1092 255 PROLEGOMENA.
1142 211 1154 216 “
1615 216 1670 259 55

198 329 344 369 Nullas
372 331 425 368 est
453 332 536 368 tam
564 332 671 368 tutus
679 326 721 383 ⁴⁶)
753 333 947 378 quaestus,
977 343 1096 379 quam
1125 331 1227 379 quod
1255 331 1398 371 habeas
1419 304 1605 380 parcere..

142 415 306 477 Similis
345 421 412 458 est
449 415 694 459 emendatio
725 432 767 459 v.
798 417 903 472 329,
943 417 1019 459 ubi
1057 432 1114 459 ex
1143 417 1366 461 codicibus
1397 420 1670 476 reposuimus

140 485 330 530 misereri
358 499 436 540 pro
467 499 517 528 eo
548 485 666 542 quod
695 485 742 527 in
773 485 1038 528 editionibus
1070 486 1480 540 circumferebatur,
1512 489 1667 530 miseri.

232 553 425 611 >Passim
464 553 794 610 pronominibus
832 554 1023 607 quisquis
1053 559 1095 595 et
1126 555 1333 608 quidquid
1367 553 1537 603 librarii
1572 555 1671 597 sub-

141 622 377 664 stituerunt
407 622 502 675 qais
532 626 574 662 et
605 622 728 674 quid,
760 619 832 662 vel
861 621 937 663 ubi
969 623 1184 664 sententia
1213 635 1392 678 poscere
1421 622 1670 677 videbatur,

143 691 218 744 qui
247 694 290 731 et
319 689 440 743 quod.
500 687 716 746 Exemplo
746 689 835 730 sint
865 703 1018 730 versus
1050 688 1076 730 9
1106 696 1149 731 et
1178 690 1275 743 379,
1306 689 1384 732 ubi
1415 689 1531 747 quod
1561 691 1605 732 in
1631 690 1678 732 F

136 757 347 800 traditum
378 762 458 810 est,
491 757 611 811 qaod,
642 770 723 797 nec
753 757 972 798 senarium
1003 755 1151 814 explet
1172 763 1214 798 et
1235 755 1446 799 facillima
1467 758 1666 800 emenda-

138 827 215 880 tio,
246 831 295 869 ut
316 824 533 868 scribatur
552 825 768 879 quidquid,
791 823 1106 867 vetustioribus
1129 823 1354 867 codicibus
1377 825 1666 868 confirmatur.

140 893 289 947 Quare
319 894 368 935 in
397 893 451 934 iis
482 907 653 949 quoque
683 893 926 946 sententiis,
960 907 1070 949 quae
1090 893 1136 934 in
1156 891 1247 934 solo
1268 892 1316 934 F
1331 899 1531 935 servatae
1553 901 1666 946 sunt,

139 961 257 1004 idem
286 961 386 1003 vitii
416 974 553 1016 genus
585 960 859 1018 subrepsisse
888 961 1078 1002 maxime
1108 961 1203 1002 veri
1233 959 1375 1002 simile
1407 966 1486 1003 est.
1536 960 1669 1017 Equi-

140 1029 240 1071 dem
270 1034 387 1070 certe
416 1029 463 1070 in
493 1029 722 1070 sententiis
753 1027 1047 1084 generalibus,
1079 1027 1228 1085 quales
1259 1034 1360 1070 sunt
1381 1023 1668 1082 Publilianae,

138 1097 214 1139 ubi
251 1096 501 1153 pronomini
537 1095 722 1138 relativo
754 1095 904 1138 deesse
932 1111 1063 1138 unam
1094 1095 1310 1153 syllabam
1340 1102 1482 1152 patet,
1522 1094 1668 1137 malim

138 1165 355 1220 corrigere
382 1166 582 1218 quisquis,
615 1178 743 1221 quam
764 1164 881 1221 quod
900 1163 977 1206 alii
997 1163 1326 1218 adamaverunt,
1358 1165 1395 1206 is
1415 1165 1502 1218 qui.
1549 1163 1669 1219 Ergo
1718 1216 1720 1221 Α

138 1234 186 1276 in
214 1248 258 1275 v.
290 1232 373 1275 618
417 1282 421 1285 ,

469 1303 605 1343 Soeius
631 1305 677 1352 fit
707 1306 852 1354 culpae,
882 1306 949 1352 qui
977 1307 1174 1343 nocentem
1203 1305 1312 1349 levat,

138 1402 234 1446 coll.
266 1417 308 1444 v.
339 1403 420 1445 471
461 1401 634 1444 facilius
673 1403 775 1457 erit,
816 1404 1006 1456 quisquis
1044 1389 1274 1444 emendare
1313 1416 1441 1458 quam
1470 1401 1666 1447 sublevat.

137 1471 453 1514 Accusativum
490 1476 656 1524 tamen,
695 1484 956 1525 quemquem,
996 1485 1092 1512 raro
1128 1470 1363 1512 admodum
1399 1474 1654 1526 usurpatum

137 1556 225 1582 non
253 1539 347 1581 ausi
380 1554 526 1580 sumus
558 1538 789 1580 restituere
819 1553 861 1580 v,
885 1538 982 1580 366.
1043 1537 1111 1580 Cf.
1131 1533 1367 1595 'praeterea
1396 1552 1439 1580 V.
1470 1538 1540 1579 82.
1575 1537 1667 1586 155,

86 1586 95 1603 “
142 1608 222 1650 174
266 1607 352 1649 200
396 1606 481 1649 380

240 1671 395 1717 *Unam
433 1673 621 1742 denique
657 1674 918 1716 emendandi
947 1674 1065 1715 viam
1094 1673 1289 1719 editores
1316 1673 1399 1715 sibi
1430 1673 1515 1730 ipsi
1545 1687 1666 1730 prae-

137 1743 372 1801 cluserunt.
433 1742 543 1784 Cum
583 1743 707 1785 enim.
734 1741 967 1784 multarum
1003 1741 1343 1799 corruptelarum
1373 1741 1495 1796 origo
1527 1755 1583 1781 cx
1612 1741 1666 1790 iis

137 1810 381 1869 repetenda,
405 1811 476 1864 sit,
509 1824 619 1866 quae
649 1810 695 1851 in
725 1809 947 1851 codicibus
977 1815 1052 1851 aut
1082 1810 1281 1866 proxime
1310 1809 1573 1851 antecedunt
1592 1815 1667 1850 aut

139 1880 482 1936 subsequuntur,
522 1878 624 1934 quia
662 1876 792 1918 facile
830 1876 942 1918 oculi
971 1891 997 1918 a
1026 1877 1171 1934 priore
1209 1891 1340 1918 versu
1369 1876 1427 1918 ad
1456 1876 1665 1934 posterio-

137 1963 228 1997 rem
265 1947 470 1990 aberrant
506 1944 579 1987 vel
617 1946 832 1988 contrario
870 1944 997 1988 modo
1027 1959 1054 1986 a
1083 1944 1272 1987 librariis
1310 1951 1535 2002 peccatur,
1576 1959 1663 1986 ma-

136 2017 310 2059 luerunt
338 2013 403 2056 illi
433 2013 746 2056 sententiarum
775 2011 994 2066 ordinem,
1027 2028 1110 2070 quo
1140 2014 1187 2055 in
1217 2011 1442 2055 codicibus
1473 2026 1519 2053 se
1549 2012 1664 2054 exci-

137 2085 276 2141 piunt,
309 2097 385 2125 suo
415 2081 597 2124 arbitrio
628 2074 862 2123 invertere.
922 2081 992 2123 Ita
1022 2095 1065 2122 v.
1096 2081 1179 2123 529

440 2176 515 2225 Qui
545 2176 671 2214 obesse
700 2188 788 2214 cum
808 2179 946 2224 potest,
976 2177 1058 2215 non
1085 2176 1178 2220 vult,
1201 2175 1359 2223 prodest

137 2265 355 2307 senarium
392 2262 594 2305 claudum
632 2277 757 2304 nemo
787 2261 930 2304 adhuc
959 2262 1046 2303 nisi
1073 2261 1326 2304 fortissimis
1357 2260 1559 2302 remediis
1588 2260 1663 2303 ad-

137 2331 288 2374 hibitis
318 2331 610 2383 resuscitavit,
641 2330 814 2386 iamque
842 2330 896 2371 de
917 2329 1111 2372 sanando
1132 2328 1407 2382 diffidebant,
1440 2343 1537 2370 cum
1559 2327 1662 2370 Hal-

135 2400 249 2442 mius
286 2399 333 2440 in
373 2397 522 2440 codice
553 2397 600 2438 F
630 2398 874 2454 proximam
910 2398 1170 2439 sententiam
1207 2397 1253 2438 in
1290 2411 1552 2453 praenomen
1590 2397 1665 2438 tibi
1727 2397 1734 2403 “

137 2466 336 2509 desinere
373 2464 686 2507 animadvertit
723 2460 859 2522 e'oque
897 2464 1108 2507 vocabulo
1137 2463 1288 2506 addito
1319 2478 1493 2505 versum
1524 2464 1568 2504 in
1600 2464 1661 2504 in-

137 2541 306 2591 tegrum
336 2533 542 2575 restituit.
601 2532 656 2574 V.
677 2532 759 2574 491
792 2532 846 2573 de
875 2533 1088 2589 corruptis
1110 2531 1257 2573 verbis
1272 2535 1405 2586 potest
1422 2532 1534 2573 ultus
1553 2529 1661 2571 nihil

137 2603 246 2644 certi
276 2607 445 2655 constat
474 2601 560 2658 nisi
589 2599 684 2654 hoc,
714 2605 864 2642 natum
895 2615 991 2642 esse
1019 2600 1177 2642 vitium
1208 2614 1263 2640 ex
1291 2614 1333 2643 v,
1354 2599 1438 2640 492
1460 2599 1662 2652 prudenti

136 2671 285 2714 stultus
314 2673 382 2712 ete.
415 2675 459 2710 et
489 2674 693 2725 quattuor
725 2661 895 2709 tantum
923 2666 1080 2710 litteris
1112 2667 1243 2723 (pote)
1275 2681 1352 2723 pro
1381 2665 1681 2707 fundamento·

139 2737 448 2796 emendationis
478 2735 642 2778 relictis
674 2741 816 2777 cetera
846 2736 1117 2777 coniecturae
1147 2741 1308 2791 patere.
1368 2733 1423 2775 V.
1446 2733 1558 2796 4404

228 2861 264 2904 *)
287 2864 463 2896 Fortasse
488 2865 656 2906 praestat
680 2863 755 2895 tam
779 2862 909 2901 certus,
935 2860 1015 2894 coll.
1040 2860 1135 2894 Plin.
1161 2871 1196 2895 n.
1224 2860 1257 2893 h.
1284 2861 1336 2901 18,
1362 2861 1381 2900 ἕ
1399 2861 1442 2892 29
1468 2859 1578 2892 ‘Cato
1603 2850 1682 2891 in-‘

139 2921 346 2963 terrogatua
371 2921 452 2964 quis
478 2922 578 2953 esset
602 2919 828 2963 certissimus
854 2921 1040 2962 quaestus,
1067 2916 1270 2960 respondit:
1296 2917 1328 2951 si
1354 2916 1447 2950 bene
1472 2919 1633 2961 paseas’.
