1956 3308
658 212 1025 263 PnoLEeoMENA.
1344 269 1347 271 Α
1556 225 1612 266 49

34 389 38 394 ι
199 332 321 385 Quid
357 333 515 374 mirum
545 346 594 374 eo
632 332 834 375 licentiae
864 334 1129 391 processisse
1158 336 1510 390 grammaticum,
1548 343 1610 389 ut,

28 411 183 452 2;·-‚cum
212 415 363 443 versus
393 399 451 442 acl
481 399 724 443 litterarum
754 400 951 445 ordinem
982 408 1127 445 essent
1157 402 1377 460 dispositi,
1416 402 1488 451 vel
1518 404 1612 460 ipsa

28 518 33 521 „
85 470 227 528 prima
256 469 571 511 sententiarum
601 469 815 512 vocabula
843 476 1147 528 transponeret
1175 477 1250 513 aut
1279 471 1540 524 immutaret,
1564 470 1618 513 ut

36 539 57 599 ᾗ
85 552 142 599 v..
159 537 257 580 233.
288 537 385 579 322.
445 536 540 578 Iam
578 552 681 580 vero
720 553 838 595 quasv
857 539 1093 581 sententias
1123 553 1292 594 morum
1322 539 1613 582 emendationi

27 599 52 650 J
87 605 260 650 obstare
289 604 511 659 credebat,
542 612 617 658 aut
647 607 793 649 omisit
822 612 897 648 aut
927 607 1132 661 correxit,
1163 614 1212 649 ut
1241 607 1404 650 frustra
1433 622 1612 665 quaeras

24 662 28 714 Γ
86 673 155 717 his
185 672 370 716 similes:

230 757 285 796 20
311 755 455 805 Aperte
483 758 590 796 mala
619 770 708 796 cum
737 761 790 797 est
818 759 970 803 mulier,
1000 762 1083 797 tum
1113 759 1265 797 demum
1294 762 1347 797 est
1378 759 1488 797 bona.

230 825 283 864 38
312 824 500 864 Amantis
527 827 806 865 iusiurandum
828 839 1009 875 poenam*
1027 839 1108 865 non
1136 827 1258 865 habet.

231 894 284 932 98
317 891 415 932 Cum
443 894 544 932 vitia
560 897 742 942 prosunt,
765 898 899 943 peccat
928 896 995 942 qui
1023 898 1119 933 recte
1147 894 1252 941 facit.

203 961 285 999 541
316 961 393 1010 Qui
414 965 504 1010 pote
533 962 654 1001 celare
682 964 831 1007 vitium,
861 964 1000 1000 vitium
1027 975 1109 1001 ozon
1136 962 1243 1009 facit.

25 1047 29 1049 ’
91 1049 159 1092 Ne
186 1049 312 1106 pueri
341 1049 452 1090 vitia
483 1049 700 1091 seniorum
730 1049 1018 1102 imitarentur,
1051 1063 1225 1090 versum
1254 1048 1338 1090 633
1372 1043 1375 1045 ’

368 1143 447 1182 Ubi
467 1147 602 1192 peccat
630 1147 737 1183 aetas
765 1145 903 1189 maior,
933 1144 1032 1182 male
1057 1144 1172 1184 discit
1199 1128 1340 1187 minor,
1362 1137 1371 1145 ⁸

14 1223 47 1272 'fs
63 1251 66 1254 >
92 1231 155 1274 ita
171 1229 383 1274 refinxit:

302 1325 382 1364 Ubi
409 1329 582 1365 senectus
603 1330 749 1374 peccat,
779 1327 832 1365 ad
860 1337 972 1373 quem
1000 1325 1142 1374 refuqit
1171 1326 1390 1373 sapien-tia?

23 1395 25 1398 ¹
78 1412 164 1456 Cf.
187 1413 318 1455 etiam
347 1427 390 1453 v.
411 1412 509 1454 448.
568 1395 772 1470 Denii1ue
801 1412 1018 1458 hominem
1049 1410 1335 1453 christianum
1364 1411 1411 1452 in
1441 1425 1490 1454 eo
1517 1425 1619 1467 quo-

18 1499 19 1502 *
50 1507 53 1509 ·
96 1495 180 1539 que
209 1495 435 1541 agnoscas,
467 1480 583 1537 quod
614 1480 774 1523 multus
806 1486 872 1522 est
901 1481 945 1522 in
966 1478 1186 1521 laudanda
1205 1479 1470 1521 conscientia
1489 1484 1620 1531 recta,

78 1543 141 1592 *et
170 1550 216 1591 in
244 1547 384 1591 malae
415 1547 711 1591 sollieitudine
741 1549 796 1591 ob
827 1547 973 1591 oculos
1003 1547 1217 1605 ponenda.
1277 1547 1346 1589 Of.
1368 1561 1410 1587 v.
1437 1546 1502 1589 97.
1529 1546 1622 1588 196.

97 1616 195 1660 200.
225 1615 322 1662 665.
353 1616 449 1659 683.

211 1678 360 1737 Quare
397 1685 473 1741 qui
509 1699 657 1726 secum
693 1685 982 1742 reputaverit,
1022 1690 1230 1741 quantum
1269 1682 1508 1724 sententiae
1538 1681 1622 1723 Pu-

15 1775 23 1807 ς
51 1750 61 1753 ’
97 1751 212 1795 blilii
241 1754 287 1795 in
317 1752 467 1795 codiee
488 1752 718 1795 Turicensi
746 1767 773 1794 a
802 1753 988 1810 pristina
1009 1752 1148 1794 forma
1168 1751 1449 1803 desciverint,
1480 1746 1624 1790 faeere

10 1841 13 1845 2
96 1835 184 1864 non
211 1822 386 1879 poterit,
409 1821 513 1878 quin
544 1835 615 1862 eas
637 1821 683 1862 in
704 1819 863 1863 scholis
879 1820 1229 1862 rchristianorum
1257 1818 1474 1860 lectitatas
1504 1816 1622 1858 ideo-

21 1899 24 1902 ’
99 1898 182 1947 que
212 1889 517 1947 depravationi
545 1889 736 1930 maxime
766 1888 977 1931 obnoxias
1008 1887 1144 1930 fuisse
1174 1892 1358 1929 statuat:
1389 1885 1504 1927 unde
1525 1899 1623 1927 con-

22 1983 35 2010 t„
97 1956 294 2000 firmatur
313 1957 577 2014 Hieronymi
603 1957 901 1998 testimonium
922 1956 976 1998 de
997 1971 1081 2013 quo
1102 1970 1232 2013 supra
1251 1954 1443 1996 diximus
1462 1967 1534 2011 pg.
1558 1951 1624 1994 14.

21 2026 38 2049 Ψ
97 2024 158 2068 Et
186 2025 295 2068 haec
325 2025 502 2082 quidem
533 2024 587 2065 de
618 2023 780 2066 codicis
810 2024 914 2066 Tur.
945 2022 1369 2081 interpolationibus.

211 2088 261 2150 2)
290 2092 377 2136 Sed
408 2107 506 2134 eum
535 2090 882 2148 interpolationis
913 2092 1039 2133 initia
1067 2090 1194 2133 claris
1216 2079 1436 2146 exemplis
1450 2087 1624 2129 demon-

26 2205 30 2207 λ
61 2195 67 2199 .
99 2167 235 2204 strata
274 2175 408 2218 supra
445 2159 663 2203 saeculum
700 2175 860 2203 nonum
896 2158 1153 2211 ascendant,
1198 2155 1490 2215 quaerendum
1529 2153 1624 2207 erit,

97 2217 202 2271 num
232 2229 364 2271 etiam
394 2228 566 2272 codices
599 2228 789 2280 PRBF,
822 2242 1003 2285 quorum
1031 2226 1088 2268 ad
1118 2225 1250 2268 fidem
1278 2230 1426 2268 nostra
1455 2227 1624 2264 senten-

18 2323 23 2330 „
99 2297 259 2340 tiarum
287 2297 484 2340 recensio
514 2296 631 2339 facta
662 2303 742 2351 est,
774 2295 991 2338 similibus
1013 2295 1134 2337 vitiis
1156 2293 1369 2351 inquinati
1390 2291 1489 2333 sint.
1534 2288 1625 2331 Eos

20 2354 29 2418 J*
103 2365 357 2422 integritate
395 2366 636 2423 scripturae
672 2363 801 2420 longe
838 2364 1001 2406 distare
1029 2377 1055 2404 a
1084 2362 1312 2405 Turicensi
1340 2361 1427 2402 iam
1457 2358 1628 2414 saepius

27 2456 30 2459 ·
101 2430 269 2475 dictum
312 2439 399 2486 est,
437 2434 532 2475 sive
571 2432 687 2490 quod
724 2430 991 2488 exemplaria
1020 2445 1076 2473 ex
1105 2429 1262 2487 quibus
1293 2426 1501 2483 descripti
1530 2429 1631 2467 sunt

99 2515 187 2543 non
214 2501 278 2543 ita
296 2500 689 2543 innumerabilibus
711 2499 937 2542 scatebant
956 2498 1368 2556 interpretamentis,
1399 2495 1494 2535 sive
1513 2490 1627 2549 quod

70 2570 76 2575 ”
99 2566 291 2611 librariis
322 2569 428 2611 satis
459 2567 543 2611 fuit
573 2568 844 2626 prudentiae,
876 2574 924 2609 ut
954 2564 1309 2623 interpolationes
1338 2563 1395 2604 ab
1415 2561 1524 2618 ipsis
1546 2559 1627 2600 Pu-

25 2644 41 2658 ·‘
99 2635 215 2679 blilii
243 2636 392 2679 verbis
424 2636 733 2678 discernerent.
792 2634 1088 2678 Nihilominus
1120 2633 1310 2675 excitata
1341 2636 1406 2672 est
1437 2627 1626 2684 suspicio

99 2702 197 2747 fieri
226 2694 420 2762 potuisse
450 2710 499 2746 ut
529 2703 745 2746 similibus
776 2702 832 2744 de
863 2703 1002 2744 causis
1034 2700 1193 2744 similia
1222 2700 1333 2741 vitia
1360 2699 1627 2753 ingruerent.

34 2816 36 2818 ,
213 2772 308 2815 Iam
329 2772 454 2830 ⁴quod
483 2771 540 2814 ad
561 2771 927 2829 comparationem
946 2768 1264 2811 adiectivorum
1284 2766 1489 2823 pertinet,
1511 2760 1629 2804 haud

23 2857 26 2859 ·
101 2838 314 2884 dissimile
344 2847 424 2895 est,
457 2839 572 2898 quod
602 2839 648 2894 in
679 2837 792 2880 Fris.
824 2837 986 2894 legitur
1015 2851 1055 2880 v,
1076 2836 1183 2891 2273
1215 2833 1369 2877 similis
1402 2830 1565 2874 codicis
1586 2828 1633 2870 Ε

30 2931 33 2945 ;
103 2907 397 2975 discrepantia
434 2923 476 2950 v.
507 2908 610 2950 317:
655 2906 711 2948 cf.
749 2905 896 2948 adnot.
936 2918 1105 2963 quoque
1140 2901 1196 2945 ad
1235 2917 1278 2943 v.
1312 2900 1407 2943 198.
1466 2896 1629 2940 Verum

168 2984 338 3011 Punmms
356 2983 468 3010 Sume.
1338 2973 1359 3004 4
