1956 3308
572 228 781 259 PUBLILII
812 229 918 261 SYRI
948 229 1252 261 SENTENTIAE.
1624 222 1675 264 81

268 329 464 374 Honeste
494 344 646 387 parcas
676 331 888 388 improbo,
919 338 968 374 ut
997 346 1149 389 parcas
1180 332 1329 390 probo.

90 422 116 454 ss
154 403 236 442 225
266 397 565 440 Humanitatis
596 399 762 456 optima
791 405 858 442 est
888 401 1082 443 certatio.

266 466 418 509 Honos
447 465 677 509 honestum
707 466 898 523 decorat,
930 468 1207 510 inhonestum
1235 475 1370 511 notat.

264 533 365 576 Heu
395 534 666 577 conscientia
694 535 830 576 animi
858 536 1009 592 gravis
1040 542 1106 578 est
1136 536 1345 578 servitus!

264 600 500 645 Hominem
529 602 660 644 etiam
689 602 808 658 frugi
837 602 975 660 flectit
1006 618 1135 661 saepe
1164 604 1346 646 occasio.

264 668 446 712 Homini
476 668 706 712 consilium
734 677 839 713 tunc
869 670 1005 726 deest,
1037 686 1135 714 cum
1163 670 1301 713 multa
1329 672 1512 713 invenit.

71 758 83 765 ·
154 741 238 780 230
265 736 456 780 Inferior
483 738 631 793 rescit,
662 737 877 795 quidquid
906 745 1057 796 peccat
1087 740 1296 796 superior.

265 804 497 847 Inimicum
527 804 680 848 ulcisci
710 807 848 849 vitam
877 808 1075 864 accipere
1106 813 1171 849 est
1199 806 1393 849 alteram.

266 871 463 914 Invitum
493 887 590 914 cum
619 874 826 930 retineas,
859 876 980 916 exire
1009 875 1178 917 incites.

266 939 588 996 Ingenuitatem
618 940 780 997 laedas,
813 957 910 985 cum
940 943 1170 999 indignum
1197 957 1340 998 roges.

267 1008 322 1049 In
350 1007 469 1050 nullo
498 1022 655 1051 avarus
686 1010 827 1054 bonus
858 1018 937 1065 est,
974 1012 1020 1052 in
1050 1025 1097 1053 se
1125 1010 1351 1068 pessimus.

156 1079 236 1118 235
268 1075 397 1133 Inopi
428 1076 685 1119 beneficium
714 1078 783 1121 bis
815 1078 905 1134 dat,
937 1079 1012 1136 qui
1041 1078 1117 1121 dat
1147 1077 1358 1120 celeriter.

230 1192 232 1194 ,
266 1139 448 1201 Inopiae
478 1143 635 1188 desunt
664 1145 814 1200 multa,
844 1147 1056 1188 avaritia-e
1086 1146 1245 1188 omnia.

270 1211 490 1255 Instructa
518 1214 667 1271 inopia
696 1220 761 1256 est
791 1214 837 1255 in
868 1213 1037 1256 divitiis
1069 1213 1325 1271 cupiditas.‘

271 1279 440 1323 Invitat
470 1281 655 1338 culpam,
687 1283 763 1339 qui
792 1289 1018 1339 peccatum
1047 1282 1269 1339 praeterit.

156 1431 334 1459 CODICES
366 1434 399 1458 v.
424 1421 666 1460 224—229:
699 1424 737 1459 F
753 1422 836 1471 (T),
858 1435 890 1460 v.
913 1422 1159 1461 230—263:
1189 1422 1337 1459 PRBF
1355 1421 1484 1469 (TEC)

268 1499 349 1536 224
382 1499 442 1548 Cf.
465 1513 498 1538 v.
521 1500 602 1539 345
718 1507 758 1538 ut
783 1513 907 1551 parcas
930 1502 1092 1539 Gruter.-
1123 1506 1162 1538 ut
1190 1493 1263 1538 non
1284 1512 1405 1538 careas
1427 1501 1473 1546 F,
1502 1502 1548 1536 de
1570 1503 1682 1537 cuius

154 1558 380 1603 corruptela
416 1556 470 1604 cf.
508 1570 539 1594 v.
571 1558 649 1595 381
663 1586 675 1604 ,
711 1563 748 1594 et
782 1569 905 1607 parcas
932 1559 1158 1605 Palatinus,
1194 1563 1235 1594 ut
1268 1568 1389 1594 caveas
1426 1556 1551 1594 Bothe

154 1611 235 1649 226
267 1613 384 1649 honor
408 1613 441 1649 Τ
550 1619 651 1651 notat
668 1626 737 1651 om.
763 1615 797 1650 T
907 1614 987 1651 227
1018 1615 1088 1652 heu
1110 1615 1272 1651 Gruter:
1302 1614 1388 1650 haec
1407 1614 1445 1649 F
1554 1613 1674 1661 gravis

154 1674 210 1705 est
244 1669 398 1705 servitus
429 1669 590 1707 Gruter.-
620 1671 764 1719 gravior
798 1676 855 1707 est
890 1672 1064 1707 servitute
1092 1670 1149 1712 F;
1179 1670 1233 1717 cf.
1262 1683 1294 1708 v.
1328 1670 1393 1706 11.
1417 1668 1511 1706 583.
1572 1669 1684 1714 Quod

155 1726 240 1762 olim
261 1727 517 1773 conieceram,
539 1726 617 1764 Heu
637 1727 855 1764 conscientia
877 1727 1052 1763 servitute
1073 1727 1217 1775 gravior
1237 1732 1306 1771 est,
1325 1735 1467 1773 parum
1489 1736 1674 1762 commen-

154 1782 272 1818 datur
292 1794 324 1818 v.
349 1781 441 1820 100.
463 1781 546 1820 443
691 1782 775 1821 230
803 1785 911 1820 rescit
931 1785 1084 1820 restitui
1109 1793 1164 1819 ex
1183 1783 1237 1819 P:
1268 1783 1383 1819 nescit
1405 1781 1494 1828 RE,
1525 1782 1682 1818 orrescit

155 1837 204 1884 B,
226 1837 403 1874 horrescit
423 1838 487 1876 Fc
519 1839 624 1876 Vinc.
646 1839 745 1877 Bell.
767 1851 826 1887 sp.
847 1841 884 1877 d.
907 1840 946 1886 5,
968 1839 1008 1887 6,
1029 1839 1155 1876 horret
1176 1839 1385 1886 Erasmus,
1406 1843 1504 1875 casat
1526 1839 1581 1875 vel
1602 1849 1682 1874 cre·

155 1894 222 1930 scit
250 1895 359 1931 codd.
389 1895 561 1942 Bentlei,
599 1897 700 1933 unde
726 1896 959 1934 Ribbeckius
988 1900 1111 1932 causat
1130 1911 1186 1925 =
1206 1900 1393 1940 causatum
1430 1905 1512 1931 cum
1541 1894 1677 1942 periclo

154 1949 304 1987 inferior
324 1951 465 1999 quaerit
487 1950 533 1998 T,
553 1963 716 2000 quocum
737 1953 790 2000 cf.
815 1951 910 1990 Gell.
933 1952 979 1997 2,
1003 1952 1069 1999 19,
1092 1950 1116 1988 2
1145 1952 1222 2000 ‘qui
1243 1951 1375 1988 factum
1396 1949 1540 1999 aliquod
1562 1950 1682 1986 occul-

116 2017 120 2021 *
157 2006 229 2043 tius
257 2008 466 2056 cognoscit,
492 2009 523 2044 is
544 2008 675 2045 dicitur
693 2010 839 2058 proprie
861 2007 1021 2046 rescire’.
1138 2009 1306 2056 superior
1327 2006 1485 2044 BFEC:
1513 2007 1681 2055 superius

156 2063 247 2110 PR,
279 2065 339 2112 qui
361 2065 528 2112 superius
549 2064 731 2102 occultare
751 2065 938 2102 contendit
961 2065 996 2100 Τ
1107 2063 1186 2102 231
1219 2070 1275 2100 est
1295 2065 1455 2112 accipere
1475 2063 1682 2099 Fabricius

156 2162 168 2170 „
211 2131 250 2171 ᾗ,
271 2119 351 2157 232
382 2121 500 2157 incitis
521 2121 574 2168 P,
602 2122 727 2158 incitas
750 2122 780 2159 C
899 2120 979 2158 233
1010 2123 1049 2157 in
1071 2121 1108 2156 F
1131 2120 1240 2168 infra
1266 2122 1406 2169 le9itur
1427 2123 1518 2167 post
1546 2131 1578 2156 v.
1600 2118 1680 2156 276

270 2176 390 2213 laedas
409 2177 519 2214 PRB
539 2189 606 2225 pr.
635 2190 683 2215 m.
703 2178 756 2214 F.-
786 2177 896 2214 laedis
917 2177 976 2214 Pa
1003 2184 1078 2214 Sec.
1107 2189 1154 2213 m.
1177 2176 1211 2212 B
1239 2187 1342 2214 corr.
1367 2176 1408 2222 C,
1429 2175 1537 2212 laedit
1568 2174 1674 2212 Vinc.

158 2233 256 2270 Bell.
279 2243 338 2279 sp.
360 2234 396 2269 d.
418 2233 460 2281 4,
480 2233 532 2270 51
630 2230 731 2284 cum]
755 2235 816 2283 qui
848 2234 952 2271 Vinc.
1054 2233 1203 2282 dignum
1226 2234 1262 2269 B
1360 2243 1470 2280 roges
1489 2231 1681 2268 PRBFC:

156 2300 264 2338 rogas
279 2289 338 2326 Pa
359 2299 437 2327 sec.
453 2302 502 2326 m.
519 2296 627 2339 rogat
654 2291 758 2328 Vinc.
782 2290 1015 2327 Honestatem
1037 2289 1169 2326 laedes.
1206 2300 1286 2326 cum
1307 2299 1374 2338 pro
1395 2287 1545 2336 indigno
1566 2289 1677 2324 inter-

157 2345 253 2382 cedis
278 2346 312 2382 T
429 2345 511 2384 234
542 2346 694 2385 Seneca
722 2349 872 2395 epistul.
905 2346 1006 2393 108,
1035 2346 1058 2383 9
1095 2358 1170 2383 non
1199 2346 1325 2383 addito
1353 2345 1508 2382 Publilii
1533 2346 1681 2382 nomine

269 2403 304 2438 in
332 2402 434 2440 nullo
455 2403 543 2439 LE.-
571 2405 608 2440 in
635 2403 774 2440 nullum
803 2403 974 2450 Seneca,
1003 2402 1092 2439 nulli
1124 2403 1229 2440 Vinc.
1259 2402 1359 2439 Bell.
1391 2412 1448 2448 sp.
1472 2402 1507 2437 d.
1531 2400 1577 2447 4,
1603 2399 1680 2436 144

269 2459 306 2495 in
326 2454 384 2508 se]
406 2459 506 2508 inopi
541 2456 646 2498 Vino.
665 2460 839 2508 fortasse
859 2460 940 2509 ipsi,
961 2462 1037 2496 nisi
1049 2461 1181 2507 potius
1200 2459 1423 2506 corruptela
1445 2462 1531 2494 orla
1553 2462 1608 2494 est
1630 2467 1682 2494 ex

157 2529 193 2553 v.
216 2525 295 2564 seq.
317 2517 443 2557 initio;
474 2517 536 2564 qui
566 2522 655 2554 ante
682 2518 719 2553 in
746 2528 785 2553 se
805 2527 891 2564 sup.
912 2527 989 2553 scr.
1011 2516 1049 2551 B
1068 2526 1145 2552 sec.
1168 2528 1214 2552 m.
1350 2513 1430 2551 235
1462 2514 1500 2549 E
1627 2512 1681 2549 bis

156 2572 340 2620 datur'B,
370 2572 451 2620 plus
480 2572 540 2609 dat
568 2574 629 2622 qui
649 2584 678 2610 c.
701 2578 860 2622 praestat
885 2568 927 2619 Τ,
956 2571 1075 2609 benef.
1097 2571 1156 2608 dat
1176 2573 1206 2608 is
1228 2572 1288 2619 qui
1320 2571 1424 2607 Vinc.
1449 2570 1543 2606 Bell.
1565 2580 1623 2616 sp.
1645 2569 1680 2605 d.

158 2627 199 2675 4,
221 2628 272 2666 51
391 2628 472 2666 236
504 2629 654 2667 Seneca
677 2634 847 2667 controv.
871 2629 910 2678 7,
935 2628 1007 2675 18,
1029 2628 1054 2665 8
1075 2627 1193 2676 (206,
1219 2627 1267 2665 16
1291 2625 1425 2672 Burs.)
1456 2625 1607 2662 ‘Desunt
1628 2624 1681 2661 lu·

158 2686 279 2722 xuriae
299 2683 427 2733 multa,
448 2696 479 2721 a.
504 2684 555 2722 0.’
587 2686 737 2723 Seneca
759 2687 912 2733 epistul.
937 2685 1031 2731 108,
1054 2684 1077 2721 9
1100 2683 1250 2721 ‘Desunt
1269 2683 1411 2731 inopiae
1432 2681 1557 2727 multa,
1577 2692 1609 2721 a.
1625 2682 1676 2717 0.'

254 2742 355 2790 inopi
378 2742 411 2778 B
430 2753 507 2779 sec.
529 2755 575 2779 m.
688 2742 721 2779 d.
744 2741 854 2779 multa
877 2741 1050 2779 Seneca.-
1070 2752 1175 2789 parva
1196 2740 1230 2776 d.
1254 2740 1284 2776 L
1313 2740 1414 2778 Vinc.
1438 2738 1539 2775 Bell.
1562 2748 1620 2785 sp.
1642 2738 1679 2774 d.

158 2796 200 2844 4,
223 2797 318 2846 144,
337 2795 378 2837 δὲ
399 2797 556 2846 (cuncta)
577 2798 710 2835 desunt
732 2798 774 2846 C,
794 2798 828 2834 d.
851 2809 961 2847 pauca
984 2798 1128 2835 Gruter
1230 2797 1336 2832 avaro'
1356 2796 1392 2831 B
1420 2804 1496 2831 sec.
1518 2806 1564 2830 m.

122 2881 125 2883 -
160 2853 240 2892 237
273 2854 340 2892 EG
368 2857 473 2894 Vinc.
502 2856 596 2893 Bell.
617 2867 675 2903 sp.
698 2857 735 2895 d.
758 2855 799 2902 4,
824 2854 902 2892 146
995 2854 1113 2902 inopia
1133 2854 1308 2890 instructa
1332 2851 1362 2888 C
1446 2849 1527 2888 238
1558 2850 1683 2887 invitat

162 2910 201 2958 0,
226 2911 439 2959 Erasmus,
460 2912 587 2949 invitat
607 2912 771 2960 profecto
797 2912 845 2947 T.·
874 2912 910 2947 in
931 2921 972 2947 se
991 2911 1078 2947 vitat
1098 2910 1149 2955 L,
1177 2910 1253 2958 ipse
1275 2909 1382 2945 intrat
1402 2907 1546 2948 Beate,-
1573 2906 1627 2954 cf.
1650 2918 1681 2943 v.

226 2980 396 3008 Punnmrus
413 2981 521 3008 Snus.
1392 2973 1413 3005 6
