<?xml version="1.0" encoding="UTF-8"?>
<!DOCTYPE html PUBLIC "-//W3C//DTD XHTML 1.0 Transitional//EN"
    "http://www.w3.org/TR/xhtml1/DTD/xhtml1-transitional.dtd">
<html xmlns="http://www.w3.org/1999/xhtml" xml:lang="en" lang="en">
 <head>
  <title>
</title>
<meta http-equiv="Content-Type" content="text/html;charset=utf-8" />
  <meta name='ocr-system' content='tesseract 3.04.00' />
  <meta name='ocr-capabilities' content='ocr_page ocr_carea ocr_par ocr_line ocrx_word'/>
</head>
<body>
  <div class='ocr_page' id='page_1' title='image "./publiliisyrisent00publuoft/publiliisyrisent00publuoft_0115.png"; bbox 0 0 1956 3308; ppageno 0'>
   <div class='ocr_carea' id='block_1_1' title="bbox 600 253 1697 314">
    <p class='ocr_par' dir='ltr' id='par_1_1' title="bbox 600 253 1697 314">
     <span class='ocr_line' id='line_1_1' title="bbox 600 253 1697 314; baseline 0.003 -21"><span class='ocrx_word' id='word_1_1' title='bbox 600 263 805 293; x_wconf 73' lang='lat' dir='ltr'>Pnssmnu</span> <span class='ocrx_word' id='word_1_2' title='bbox 837 263 941 294; x_wconf 78' lang='lat' dir='ltr'><strong>SYRI</strong></span> <span class='ocrx_word' id='word_1_3' title='bbox 973 253 1278 295; x_wconf 64' lang='lat' dir='ltr'>snn&#39;rssn‘rmn.</span> <span class='ocrx_word' id='word_1_4' title='bbox 1343 305 1349 314; x_wconf 84' lang='lat'><em>.</em></span> <span class='ocrx_word' id='word_1_5' title='bbox 1618 257 1697 297; x_wconf 78' lang='lat'>109</span> 
     </span>
    </p>
   </div>
   <div class='ocr_carea' id='block_1_2' title="bbox 108 363 1269 421">
    <p class='ocr_par' dir='ltr' id='par_1_2' title="bbox 108 363 1269 421">
     <span class='ocr_line' id='line_1_2' title="bbox 108 363 1269 421; baseline 0 -14"><span class='ocrx_word' id='word_1_6' title='bbox 108 408 133 421; x_wconf 40' lang='grc' dir='ltr'>Γ</span> <span class='ocrx_word' id='word_1_7' title='bbox 174 369 255 408; x_wconf 86' lang='grc'>605</span> <span class='ocrx_word' id='word_1_8' title='bbox 287 363 388 407; x_wconf 88' lang='lat' dir='ltr'>Suis</span> <span class='ocrx_word' id='word_1_9' title='bbox 419 364 494 421; x_wconf 93' lang='lat' dir='ltr'>qui</span> <span class='ocrx_word' id='word_1_10' title='bbox 523 365 665 406; x_wconf 90' lang='lat' dir='ltr'>nescit</span> <span class='ocrx_word' id='word_1_11' title='bbox 694 378 881 421; x_wconf 83' lang='lat' dir='ltr'>parcere,</span> <span class='ocrx_word' id='word_1_12' title='bbox 914 365 1104 414; x_wconf 88' lang='lat' dir='ltr'>inimicis</span> <span class='ocrx_word' id='word_1_13' title='bbox 1134 365 1269 407; x_wconf 84' lang='lat' dir='ltr'>favet.</span> 
     </span>
    </p>
   </div>
   <div class='ocr_carea' id='block_1_3' title="bbox 0 0 163 432">
    <p class='ocr_par' dir='ltr' id='par_1_3' title="bbox 0 0 163 432">
     <span class='ocr_line' id='line_1_3' title="bbox 0 0 163 432; baseline 0 2876"><span class='ocrx_word' id='word_1_14' title='bbox 0 0 163 432; x_wconf 95' lang='lat' dir='ltr'> </span> 
     </span>
    </p>
   </div>
   <div class='ocr_carea' id='block_1_4' title="bbox 173 430 1696 1839">
    <p class='ocr_par' dir='ltr' id='par_1_4' title="bbox 277 430 1696 692">
     <span class='ocr_line' id='line_1_4' title="bbox 287 430 1696 489; baseline 0.001 -14"><span class='ocrx_word' id='word_1_15' title='bbox 287 431 390 475; x_wconf 86' lang='lat' dir='ltr'>Sine</span> <span class='ocrx_word' id='word_1_16' title='bbox 420 430 569 474; x_wconf 89' lang='lat' dir='ltr'>dolore</span> <span class='ocrx_word' id='word_1_17' title='bbox 599 437 665 473; x_wconf 90' lang='lat' dir='ltr'>est</span> <span class='ocrx_word' id='word_1_18' title='bbox 695 430 869 486; x_wconf 73' lang='lat' dir='ltr'>vulnus,</span> <span class='ocrx_word' id='word_1_19' title='bbox 902 432 1017 489; x_wconf 91' lang='lat' dir='ltr'>quod</span> <span class='ocrx_word' id='word_1_20' title='bbox 1049 432 1277 475; x_wconf 77' lang='lat' dir='ltr'>ferendum</span> <span class='ocrx_word' id='word_1_21' title='bbox 1298 439 1363 476; x_wconf 86' lang='lat' dir='ltr'>est</span> <span class='ocrx_word' id='word_1_22' title='bbox 1383 448 1479 476; x_wconf 93' lang='lat' dir='ltr'>cum</span> <span class='ocrx_word' id='word_1_23' title='bbox 1501 435 1696 476; x_wconf 64' lang='lat' dir='ltr'>victoria.</span> 
     </span>
     <span class='ocr_line' id='line_1_5' title="bbox 288 498 1307 556; baseline 0 -14"><span class='ocrx_word' id='word_1_24' title='bbox 288 498 471 556; x_wconf 87' lang='lat' dir='ltr'>Semper</span> <span class='ocrx_word' id='word_1_25' title='bbox 499 498 731 541; x_wconf 91' lang='lat' dir='ltr'>metuendo</span> <span class='ocrx_word' id='word_1_26' title='bbox 762 500 935 556; x_wconf 88' lang='lat' dir='ltr'>sapiens</span> <span class='ocrx_word' id='word_1_27' title='bbox 967 501 1103 542; x_wconf 85' lang='lat' dir='ltr'>evitat</span> <span class='ocrx_word' id='word_1_28' title='bbox 1132 500 1307 543; x_wconf 91' lang='lat' dir='ltr'>malum.</span> 
     </span>
     <span class='ocr_line' id='line_1_6' title="bbox 286 566 1530 626; baseline 0.001 -17"><span class='ocrx_word' id='word_1_29' title='bbox 286 566 478 610; x_wconf 86' lang='lat' dir='ltr'><strong>Stultum</strong></span> <span class='ocrx_word' id='word_1_30' title='bbox 510 573 575 609; x_wconf 87' lang='lat' dir='ltr'>est</span> <span class='ocrx_word' id='word_1_31' title='bbox 605 567 726 624; x_wconf 91' lang='lat' dir='ltr'>queri</span> <span class='ocrx_word' id='word_1_32' title='bbox 759 567 814 608; x_wconf 92' lang='lat' dir='ltr'>de</span> <span class='ocrx_word' id='word_1_33' title='bbox 843 566 1055 621; x_wconf 83' lang='lat' dir='ltr'>adversis,</span> <span class='ocrx_word' id='word_1_34' title='bbox 1086 568 1162 610; x_wconf 91' lang='lat' dir='ltr'>ubi</span> <span class='ocrx_word' id='word_1_35' title='bbox 1192 568 1320 626; x_wconf 91' lang='lat' dir='ltr'>culpa</span> <span class='ocrx_word' id='word_1_36' title='bbox 1350 575 1414 610; x_wconf 87' lang='lat' dir='ltr'>est</span> <span class='ocrx_word' id='word_1_37' title='bbox 1443 575 1530 611; x_wconf 87' lang='lat' dir='ltr'>tua.</span> 
     </span>
     <span class='ocr_line' id='line_1_7' title="bbox 277 629 1520 692; baseline 0.002 -16"><span class='ocrx_word' id='word_1_38' title='bbox 277 629 406 676; x_wconf 71' lang='lat' dir='ltr'>Solet</span> <span class='ocrx_word' id='word_1_39' title='bbox 435 634 556 688; x_wconf 85' lang='lat' dir='ltr'>hora,</span> <span class='ocrx_word' id='word_1_40' title='bbox 589 633 704 692; x_wconf 90' lang='lat' dir='ltr'>quod</span> <span class='ocrx_word' id='word_1_41' title='bbox 733 633 859 677; x_wconf 94' lang='lat' dir='ltr'>multi</span> <span class='ocrx_word' id='word_1_42' title='bbox 888 636 991 676; x_wconf 85' lang='lat' dir='ltr'>anni</span> <span class='ocrx_word' id='word_1_43' title='bbox 1021 634 1294 691; x_wconf 84' lang='lat' dir='ltr'>abstulerint,</span> <span class='ocrx_word' id='word_1_44' title='bbox 1324 636 1520 678; x_wconf 84' lang='lat' dir='ltr'>reddere.</span> 
     </span>
    </p>

    <p class='ocr_par' dir='ltr' id='par_1_5' title="bbox 173 701 1491 1030">
     <span class='ocr_line' id='line_1_8' title="bbox 173 701 1436 759; baseline 0.002 -15"><span class='ocrx_word' id='word_1_45' title='bbox 173 706 257 744; x_wconf 88' lang='lat'>610</span> <span class='ocrx_word' id='word_1_46' title='bbox 287 701 422 758; x_wconf 86' lang='lat' dir='ltr'>Spina</span> <span class='ocrx_word' id='word_1_47' title='bbox 452 703 583 744; x_wconf 85' lang='lat' dir='ltr'>etiam</span> <span class='ocrx_word' id='word_1_48' title='bbox 613 708 739 758; x_wconf 83' lang='lat' dir='ltr'>grata</span> <span class='ocrx_word' id='word_1_49' title='bbox 769 708 846 755; x_wconf 88' lang='lat' dir='ltr'>est,</span> <span class='ocrx_word' id='word_1_50' title='bbox 879 716 935 743; x_wconf 80' lang='lat' dir='ltr'>ex</span> <span class='ocrx_word' id='word_1_51' title='bbox 965 717 1050 759; x_wconf 89' lang='lat' dir='ltr'>qua</span> <span class='ocrx_word' id='word_1_52' title='bbox 1079 709 1299 759; x_wconf 89' lang='lat' dir='ltr'>spectatur</span> <span class='ocrx_word' id='word_1_53' title='bbox 1327 719 1436 746; x_wconf 86' lang='lat' dir='ltr'>rosa.</span> 
     </span>
     <span class='ocr_line' id='line_1_9' title="bbox 289 768 1371 813; baseline 0.001 -1"><span class='ocrx_word' id='word_1_54' title='bbox 289 768 479 812; x_wconf 83' lang='lat' dir='ltr'><strong>Stultum</strong></span> <span class='ocrx_word' id='word_1_55' title='bbox 510 776 576 812; x_wconf 87' lang='lat' dir='ltr'>est</span> <span class='ocrx_word' id='word_1_56' title='bbox 606 770 798 812; x_wconf 89' lang='lat' dir='ltr'>vicinum</span> <span class='ocrx_word' id='word_1_57' title='bbox 830 768 943 811; x_wconf 87' lang='lat' dir='ltr'>velle</span> <span class='ocrx_word' id='word_1_58' title='bbox 973 769 1126 812; x_wconf 91' lang='lat' dir='ltr'>ulcisci</span> <span class='ocrx_word' id='word_1_59' title='bbox 1156 771 1371 813; x_wconf 91' lang='lat' dir='ltr'>incendio.</span> 
     </span>
     <span class='ocr_line' id='line_1_10' title="bbox 287 835 1361 895; baseline 0.001 -16"><span class='ocrx_word' id='word_1_60' title='bbox 287 835 476 879; x_wconf 82' lang='lat' dir='ltr'><strong>Stultum</strong></span> <span class='ocrx_word' id='word_1_61' title='bbox 506 837 614 880; x_wconf 87' lang='lat' dir='ltr'>facit</span> <span class='ocrx_word' id='word_1_62' title='bbox 643 837 852 891; x_wconf 85' lang='lat' dir='ltr'>Fortuna,</span> <span class='ocrx_word' id='word_1_63' title='bbox 884 851 1011 894; x_wconf 89' lang='lat' dir='ltr'>quem</span> <span class='ocrx_word' id='word_1_64' title='bbox 1041 836 1137 879; x_wconf 91' lang='lat' dir='ltr'><strong>vult</strong></span> <span class='ocrx_word' id='word_1_65' title='bbox 1166 838 1361 895; x_wconf 88' lang='lat' dir='ltr'>perdere.</span> 
     </span>
     <span class='ocr_line' id='line_1_11' title="bbox 287 904 1491 962; baseline 0.001 -15"><span class='ocrx_word' id='word_1_66' title='bbox 287 904 399 962; x_wconf 84' lang='lat' dir='ltr'>Spes</span> <span class='ocrx_word' id='word_1_67' title='bbox 430 905 621 962; x_wconf 82' lang='lat' dir='ltr'>inopem,</span> <span class='ocrx_word' id='word_1_68' title='bbox 651 919 722 947; x_wconf 88' lang='lat' dir='ltr'>res</span> <span class='ocrx_word' id='word_1_69' title='bbox 752 919 947 959; x_wconf 80' lang='lat' dir='ltr'>avarum,</span> <span class='ocrx_word' id='word_1_70' title='bbox 979 919 1094 947; x_wconf 87' lang='lat' dir='ltr'>mors</span> <span class='ocrx_word' id='word_1_71' title='bbox 1124 907 1330 948; x_wconf 89' lang='lat' dir='ltr'>miserum</span> <span class='ocrx_word' id='word_1_72' title='bbox 1360 905 1491 948; x_wconf 86' lang='lat' dir='ltr'>levat.</span> 
     </span>
     <span class='ocr_line' id='line_1_12' title="bbox 274 963 1390 1030; baseline 0.001 -17"><span class='ocrx_word' id='word_1_73' title='bbox 274 963 343 1014; x_wconf 33' lang='lat' dir='ltr'>‘Se</span> <span class='ocrx_word' id='word_1_74' title='bbox 373 971 552 1015; x_wconf 87' lang='lat' dir='ltr'>damnat</span> <span class='ocrx_word' id='word_1_75' title='bbox 582 972 731 1025; x_wconf 85' lang='lat' dir='ltr'>iudex,</span> <span class='ocrx_word' id='word_1_76' title='bbox 763 968 1036 1014; x_wconf 73' lang='lat' dir='ltr'>infiocentem</span> <span class='ocrx_word' id='word_1_77' title='bbox 1067 973 1141 1029; x_wconf 88' lang='lat' dir='ltr'>qui</span> <span class='ocrx_word' id='word_1_78' title='bbox 1171 974 1390 1030; x_wconf 87' lang='lat' dir='ltr'>opprimit.</span> 
     </span>
    </p>

    <p class='ocr_par' dir='ltr' id='par_1_6' title="bbox 177 1038 1386 1368">
     <span class='ocr_line' id='line_1_13' title="bbox 177 1038 1315 1097; baseline 0 -15"><span class='ocrx_word' id='word_1_79' title='bbox 177 1044 259 1082; x_wconf 88' lang='grc'>615</span> <span class='ocrx_word' id='word_1_80' title='bbox 292 1038 387 1082; x_wconf 89' lang='lat' dir='ltr'><strong>Sibi</strong></span> <span class='ocrx_word' id='word_1_81' title='bbox 417 1040 514 1097; x_wconf 87' lang='lat' dir='ltr'>ipsa</span> <span class='ocrx_word' id='word_1_82' title='bbox 543 1040 800 1097; x_wconf 86' lang='lat' dir='ltr'>improbitas</span> <span class='ocrx_word' id='word_1_83' title='bbox 831 1041 947 1096; x_wconf 85' lang='lat' dir='ltr'>cogit</span> <span class='ocrx_word' id='word_1_84' title='bbox 976 1039 1070 1082; x_wconf 86' lang='lat' dir='ltr'>fieri</span> <span class='ocrx_word' id='word_1_85' title='bbox 1100 1041 1315 1083; x_wconf 88' lang='lat' dir='ltr'>iniuriam.</span> 
     </span>
     <span class='ocr_line' id='line_1_14' title="bbox 290 1107 1386 1165; baseline 0 -15"><span class='ocrx_word' id='word_1_86' title='bbox 290 1107 406 1150; x_wconf 87' lang='lat' dir='ltr'>Satis</span> <span class='ocrx_word' id='word_1_87' title='bbox 437 1114 504 1150; x_wconf 88' lang='lat' dir='ltr'>est</span> <span class='ocrx_word' id='word_1_88' title='bbox 533 1107 701 1163; x_wconf 89' lang='lat' dir='ltr'>beatus,</span> <span class='ocrx_word' id='word_1_89' title='bbox 734 1109 805 1165; x_wconf 92' lang='lat' dir='ltr'>qui</span> <span class='ocrx_word' id='word_1_90' title='bbox 837 1114 980 1165; x_wconf 89' lang='lat' dir='ltr'>potest</span> <span class='ocrx_word' id='word_1_91' title='bbox 1010 1123 1108 1150; x_wconf 92' lang='lat' dir='ltr'>cum</span> <span class='ocrx_word' id='word_1_92' title='bbox 1138 1108 1233 1151; x_wconf 87' lang='lat' dir='ltr'><strong>vult</strong></span> <span class='ocrx_word' id='word_1_93' title='bbox 1262 1110 1386 1151; x_wconf 90' lang='lat' dir='ltr'>mori.</span> 
     </span>
     <span class='ocr_line' id='line_1_15' title="bbox 290 1174 1279 1232; baseline 0 -14"><span class='ocrx_word' id='word_1_94' title='bbox 290 1174 565 1232; x_wconf 46' lang='lat' dir='ltr'>Solet-sequi</span> <span class='ocrx_word' id='word_1_95' title='bbox 594 1175 704 1230; x_wconf 92' lang='lat' dir='ltr'>laus,</span> <span class='ocrx_word' id='word_1_96' title='bbox 736 1190 833 1218; x_wconf 93' lang='lat' dir='ltr'>cum</span> <span class='ocrx_word' id='word_1_97' title='bbox 863 1175 981 1217; x_wconf 90' lang='lat' dir='ltr'>viam</span> <span class='ocrx_word' id='word_1_98' title='bbox 1010 1176 1115 1218; x_wconf 87' lang='lat' dir='ltr'>fecit</span> <span class='ocrx_word' id='word_1_99' title='bbox 1144 1175 1279 1218; x_wconf 84' lang='lat' dir='ltr'>labor.</span> 
     </span>
     <span class='ocr_line' id='line_1_16' title="bbox 290 1242 1363 1301; baseline 0.002 -17"><span class='ocrx_word' id='word_1_100' title='bbox 290 1243 441 1285; x_wconf 87' lang='lat' dir='ltr'>Socius</span> <span class='ocrx_word' id='word_1_101' title='bbox 472 1242 521 1285; x_wconf 85' lang='lat' dir='ltr'>fit</span> <span class='ocrx_word' id='word_1_102' title='bbox 551 1242 717 1300; x_wconf 89' lang='lat' dir='ltr'>culpae,</span> <span class='ocrx_word' id='word_1_103' title='bbox 750 1244 945 1301; x_wconf 88' lang='lat' dir='ltr'>quisquis</span> <span class='ocrx_word' id='word_1_104' title='bbox 976 1250 1203 1286; x_wconf 82' lang='lat' dir='ltr'>nocentem</span> <span class='ocrx_word' id='word_1_105' title='bbox 1233 1243 1363 1286; x_wconf 88' lang='lat' dir='ltr'>levat.</span> 
     </span>
     <span class='ocr_line' id='line_1_17' title="bbox 292 1309 1084 1368; baseline 0 -16"><span class='ocrx_word' id='word_1_106' title='bbox 292 1309 493 1367; x_wconf 78' lang='lat' dir='ltr'>Suspicio</span> <span class='ocrx_word' id='word_1_107' title='bbox 524 1310 610 1352; x_wconf 89' lang='lat' dir='ltr'>sibi</span> <span class='ocrx_word' id='word_1_108' title='bbox 639 1312 736 1368; x_wconf 88' lang='lat' dir='ltr'>ipsa</span> <span class='ocrx_word' id='word_1_109' title='bbox 765 1310 925 1353; x_wconf 84' lang='lat' dir='ltr'>rivales</span> <span class='ocrx_word' id='word_1_110' title='bbox 955 1312 1084 1368; x_wconf 90' lang='lat' dir='ltr'>parit.</span> 
     </span>
    </p>

    <p class='ocr_par' dir='ltr' id='par_1_7' title="bbox 177 1378 1404 1706">
     <span class='ocr_line' id='line_1_18' title="bbox 177 1378 1386 1436; baseline 0.002 -17"><span class='ocrx_word' id='word_1_111' title='bbox 177 1382 260 1420; x_wconf 84' lang='lat'>620</span> <span class='ocrx_word' id='word_1_112' title='bbox 290 1378 469 1436; x_wconf 89' lang='lat' dir='ltr'>Semper</span> <span class='ocrx_word' id='word_1_113' title='bbox 498 1379 794 1433; x_wconf 90' lang='lat' dir='ltr'>metuendum,</span> <span class='ocrx_word' id='word_1_114' title='bbox 826 1378 1039 1435; x_wconf 88' lang='lat' dir='ltr'>quidquid</span> <span class='ocrx_word' id='word_1_115' title='bbox 1070 1379 1201 1420; x_wconf 85' lang='lat' dir='ltr'>irasci</span> <span class='ocrx_word' id='word_1_116' title='bbox 1230 1385 1386 1436; x_wconf 90' lang='lat' dir='ltr'>potest.</span> 
     </span>
     <span class='ocr_line' id='line_1_19' title="bbox 289 1445 1177 1489; baseline -0.002 0"><span class='ocrx_word' id='word_1_117' title='bbox 289 1445 457 1489; x_wconf 89' lang='lat' dir='ltr'>Seditio</span> <span class='ocrx_word' id='word_1_118' title='bbox 487 1446 651 1488; x_wconf 88' lang='lat' dir='ltr'>civium</span> <span class='ocrx_word' id='word_1_119' title='bbox 680 1446 869 1489; x_wconf 88' lang='lat' dir='ltr'>hostium</span> <span class='ocrx_word' id='word_1_120' title='bbox 900 1453 966 1488; x_wconf 91' lang='lat' dir='ltr'>est</span> <span class='ocrx_word' id='word_1_121' title='bbox 995 1447 1177 1488; x_wconf 84' lang='lat' dir='ltr'>occasio.</span> 
     </span>
     <span class='ocr_line' id='line_1_20' title="bbox 289 1580 1399 1638; baseline 0.001 -14"><span class='ocrx_word' id='word_1_122' title='bbox 289 1580 484 1624; x_wconf 90' lang='lat' dir='ltr'>Stultitia</span> <span class='ocrx_word' id='word_1_123' title='bbox 514 1587 579 1623; x_wconf 91' lang='lat' dir='ltr'>est</span> <span class='ocrx_word' id='word_1_124' title='bbox 608 1582 828 1636; x_wconf 88' lang='lat' dir='ltr'>insectari,</span> <span class='ocrx_word' id='word_1_125' title='bbox 860 1596 988 1638; x_wconf 91' lang='lat' dir='ltr'>quem</span> <span class='ocrx_word' id='word_1_126' title='bbox 1019 1595 1165 1623; x_wconf 87' lang='lat' dir='ltr'>omnes</span> <span class='ocrx_word' id='word_1_127' title='bbox 1196 1581 1399 1637; x_wconf 85' lang='lat' dir='ltr'>diligunt.</span> 
     </span>
     <span class='ocr_line' id='line_1_21' title="bbox 290 1640 1404 1706; baseline -0.001 -15"><span class='ocrx_word' id='word_1_128' title='bbox 290 1648 367 1692; x_wconf 89' lang='lat' dir='ltr'>Sat</span> <span class='ocrx_word' id='word_1_129' title='bbox 396 1663 555 1704; x_wconf 87' lang='lat' dir='ltr'>magna</span> <span class='ocrx_word' id='word_1_130' title='bbox 582 1663 714 1691; x_wconf 88' lang='lat' dir='ltr'>usura</span> <span class='ocrx_word' id='word_1_131' title='bbox 744 1640 808 1691; x_wconf 85' lang='lat' dir='ltr'>est</span> <span class='ocrx_word' id='word_1_132' title='bbox 838 1664 916 1706; x_wconf 92' lang='lat' dir='ltr'>pro</span> <span class='ocrx_word' id='word_1_133' title='bbox 946 1648 1156 1691; x_wconf 91' lang='lat' dir='ltr'>beneficio</span> <span class='ocrx_word' id='word_1_134' title='bbox 1185 1651 1404 1691; x_wconf 84' lang='lat' dir='ltr'>memoria.</span> 
     </span>
    </p>

    <p class='ocr_par' dir='ltr' id='par_1_8' title="bbox 179 1715 1285 1773">
     <span class='ocr_line' id='line_1_22' title="bbox 179 1715 1285 1773; baseline -0.001 -14"><span class='ocrx_word' id='word_1_135' title='bbox 179 1721 259 1759; x_wconf 83' lang='lat'>625</span> <span class='ocrx_word' id='word_1_136' title='bbox 293 1716 399 1759; x_wconf 89' lang='lat' dir='ltr'>Sero</span> <span class='ocrx_word' id='word_1_137' title='bbox 429 1717 475 1758; x_wconf 92' lang='lat' dir='ltr'>in</span> <span class='ocrx_word' id='word_1_138' title='bbox 504 1715 679 1773; x_wconf 88' lang='lat' dir='ltr'>periclis</span> <span class='ocrx_word' id='word_1_139' title='bbox 711 1723 777 1758; x_wconf 89' lang='lat' dir='ltr'>est</span> <span class='ocrx_word' id='word_1_140' title='bbox 807 1715 1034 1758; x_wconf 90' lang='lat' dir='ltr'>consilium</span> <span class='ocrx_word' id='word_1_141' title='bbox 1066 1731 1285 1773; x_wconf 87' lang='lat' dir='ltr'>quaerere.</span> 
     </span>
    </p>

    <p class='ocr_par' dir='ltr' id='par_1_9' title="bbox 178 1784 1364 1839">
     <span class='ocr_line' id='line_1_23' title="bbox 178 1784 1364 1839; baseline 0.003 -15"><span class='ocrx_word' id='word_1_142' title='bbox 178 1797 265 1823; x_wconf 70' lang='lat' dir='ltr'>prov.</span> <span class='ocrx_word' id='word_1_143' title='bbox 301 1784 497 1827; x_wconf 78' lang='lat' dir='ltr'>Timidus</span> <span class='ocrx_word' id='word_1_144' title='bbox 526 1787 695 1827; x_wconf 77' lang='lat' dir='ltr'>cautum</span> <span class='ocrx_word' id='word_1_145' title='bbox 724 1798 767 1827; x_wconf 81' lang='lat' dir='ltr'>se</span> <span class='ocrx_word' id='word_1_146' title='bbox 795 1788 924 1837; x_wconf 76' lang='lat' dir='ltr'>vocat,</span> <span class='ocrx_word' id='word_1_147' title='bbox 955 1785 1149 1827; x_wconf 81' lang='lat' dir='ltr'>sordidus</span> <span class='ocrx_word' id='word_1_148' title='bbox 1169 1798 1364 1839; x_wconf 77' lang='lat' dir='ltr'>parcum.</span> 
     </span>
    </p>
   </div>
   <div class='ocr_carea' id='block_1_5' title="bbox 174 1884 443 1888">
    <p class='ocr_par' dir='ltr' id='par_1_10' title="bbox 174 1884 443 1888">
     <span class='ocr_line' id='line_1_24' title="bbox 174 1884 443 1888; baseline 0 0"><span class='ocrx_word' id='word_1_149' title='bbox 174 1884 443 1888; x_wconf 95' lang='lat' dir='ltr'> </span> 
     </span>
    </p>
   </div>
   <div class='ocr_carea' id='block_1_6' title="bbox 178 1935 1366 1984">
    <p class='ocr_par' dir='ltr' id='par_1_11' title="bbox 178 1935 1366 1984">
     <span class='ocr_line' id='line_1_25' title="bbox 178 1935 1366 1984; baseline -0.003 -9"><span class='ocrx_word' id='word_1_150' title='bbox 178 1947 357 1976; x_wconf 74' lang='lat' dir='ltr'>comens</span> <span class='ocrx_word' id='word_1_151' title='bbox 379 1949 411 1974; x_wconf 86' lang='lat' dir='ltr'>v.</span> <span class='ocrx_word' id='word_1_152' title='bbox 435 1935 676 1974; x_wconf 82' lang='lat'>584—625:</span> <span class='ocrx_word' id='word_1_153' title='bbox 707 1936 744 1971; x_wconf 88' lang='lat' dir='ltr'><em>F</em></span> <span class='ocrx_word' id='word_1_154' title='bbox 761 1935 848 1984; x_wconf 87' lang='lat' dir='ltr'>(T),</span> <span class='ocrx_word' id='word_1_155' title='bbox 879 1935 1046 1972; x_wconf 92' lang='lat' dir='ltr'>Proverb.</span> <span class='ocrx_word' id='word_1_156' title='bbox 1069 1935 1178 1973; x_wconf 88' lang='lat' dir='ltr'>PRF</span> <span class='ocrx_word' id='word_1_157' title='bbox 1195 1935 1303 1983; x_wconf 81' lang='lat' dir='ltr'>(EC),</span> <span class='ocrx_word' id='word_1_158' title='bbox 1323 1936 1366 1972; x_wconf 94' lang='lat' dir='ltr'><em>M</em></span> 
     </span>
    </p>
   </div>
   <div class='ocr_carea' id='block_1_7' title="bbox 167 2024 1699 2298">
    <p class='ocr_par' dir='ltr' id='par_1_12' title="bbox 167 2024 1697 2186">
     <span class='ocr_line' id='line_1_26' title="bbox 292 2024 1696 2076; baseline -0.003 -11"><span class='ocrx_word' id='word_1_159' title='bbox 292 2028 372 2066; x_wconf 81' lang='grc'>605</span> <span class='ocrx_word' id='word_1_160' title='bbox 405 2028 464 2076; x_wconf 85' lang='lat' dir='ltr'>Cf.</span> <span class='ocrx_word' id='word_1_161' title='bbox 482 2027 571 2063; x_wconf 85' lang='lat' dir='ltr'>Sen.</span> <span class='ocrx_word' id='word_1_162' title='bbox 598 2027 631 2063; x_wconf 89' lang='grc' dir='ltr'><em>Τ</em></span> <span class='ocrx_word' id='word_1_163' title='bbox 629 2028 736 2063; x_wconf 81' lang='lat' dir='ltr'>road.</span> <span class='ocrx_word' id='word_1_164' title='bbox 756 2026 839 2063; x_wconf 88' lang='grc'>300</span> <span class='ocrx_word' id='word_1_165' title='bbox 859 2026 1002 2072; x_wconf 80' lang='lat' dir='ltr'>Peiper</span> <span class='ocrx_word' id='word_1_166' title='bbox 1022 2024 1103 2070; x_wconf 74' lang='lat' dir='ltr'>‘Qui</span> <span class='ocrx_word' id='word_1_167' title='bbox 1124 2037 1195 2062; x_wconf 92' lang='lat' dir='ltr'>non</span> <span class='ocrx_word' id='word_1_168' title='bbox 1216 2031 1311 2062; x_wconf 78' lang='lat' dir='ltr'>vetat</span> <span class='ocrx_word' id='word_1_169' title='bbox 1331 2036 1492 2074; x_wconf 84' lang='lat' dir='ltr'>peccare,</span> <span class='ocrx_word' id='word_1_170' title='bbox 1514 2037 1592 2061; x_wconf 89' lang='lat' dir='ltr'>cum</span> <span class='ocrx_word' id='word_1_171' title='bbox 1614 2036 1696 2073; x_wconf 90' lang='lat' dir='ltr'>pos·</span> 
     </span>
     <span class='ocr_line' id='line_1_27' title="bbox 167 2080 1697 2133; baseline -0.002 -13"><span class='ocrx_word' id='word_1_172' title='bbox 167 2085 245 2133; x_wconf 76' lang='lat' dir='ltr'>vsit,</span> <span class='ocrx_word' id='word_1_173' title='bbox 274 2084 405 2120; x_wconf 77' lang='lat' dir='ltr'>iubet’.</span> <span class='ocrx_word' id='word_1_174' title='bbox 463 2084 693 2120; x_wconf 81' lang='lat' dir='ltr'>Pseudosen.</span> <span class='ocrx_word' id='word_1_175' title='bbox 723 2084 769 2119; x_wconf 83' lang='lat' dir='ltr'>de</span> <span class='ocrx_word' id='word_1_176' title='bbox 798 2094 892 2123; x_wconf 67' lang='lat' dir='ltr'>morp</span> <span class='ocrx_word' id='word_1_177' title='bbox 925 2081 1004 2117; x_wconf 89' lang='lat'>114</span> <span class='ocrx_word' id='word_1_178' title='bbox 1035 2080 1155 2118; x_wconf 76' lang='lat' dir='ltr'>‘Bonis</span> <span class='ocrx_word' id='word_1_179' title='bbox 1185 2087 1313 2128; x_wconf 85' lang='lat' dir='ltr'>nocet,</span> <span class='ocrx_word' id='word_1_180' title='bbox 1343 2083 1403 2129; x_wconf 85' lang='lat' dir='ltr'>qui</span> <span class='ocrx_word' id='word_1_181' title='bbox 1431 2081 1529 2117; x_wconf 74' lang='lat' dir='ltr'>malis</span> <span class='ocrx_word' id='word_1_182' title='bbox 1558 2082 1697 2128; x_wconf 76' lang='lat' dir='ltr'>parcit&#39;.</span> 
     </span>
     <span class='ocr_line' id='line_1_28' title="bbox 176 2136 1588 2186; baseline -0.003 -10"><span class='ocrx_word' id='word_1_183' title='bbox 176 2142 319 2178; x_wconf 78' lang='lat' dir='ltr'>Auson.</span> <span class='ocrx_word' id='word_1_184' title='bbox 355 2140 434 2176; x_wconf 86' lang='lat' dir='ltr'>VII</span> <span class='ocrx_word' id='word_1_185' title='bbox 451 2140 544 2186; x_wconf 85' lang='lat' dir='ltr'>Sap.</span> <span class='ocrx_word' id='word_1_186' title='bbox 569 2139 694 2176; x_wconf 85' lang='lat' dir='ltr'>Cleob.</span> <span class='ocrx_word' id='word_1_187' title='bbox 717 2138 847 2174; x_wconf 78' lang='lat' dir='ltr'>‘Parcit</span> <span class='ocrx_word' id='word_1_188' title='bbox 869 2139 1022 2185; x_wconf 85' lang='lat' dir='ltr'>quisque</span> <span class='ocrx_word' id='word_1_189' title='bbox 1043 2137 1157 2184; x_wconf 87' lang='lat' dir='ltr'>malis,</span> <span class='ocrx_word' id='word_1_190' title='bbox 1180 2137 1328 2186; x_wconf 79' lang='lat' dir='ltr'>perdere</span> <span class='ocrx_word' id='word_1_191' title='bbox 1349 2137 1424 2174; x_wconf 82' lang='lat' dir='ltr'>vult</span> <span class='ocrx_word' id='word_1_192' title='bbox 1445 2136 1588 2174; x_wconf 88' lang='lat' dir='ltr'>bonos’.</span> 
     </span>
    </p>

    <p class='ocr_par' dir='ltr' id='par_1_13' title="bbox 178 2190 1699 2298">
     <span class='ocr_line' id='line_1_29' title="bbox 178 2190 1695 2241; baseline -0.004 -7"><span class='ocrx_word' id='word_1_193' title='bbox 178 2197 258 2234; x_wconf 89' lang='lat'>606</span> <span class='ocrx_word' id='word_1_194' title='bbox 291 2196 479 2235; x_wconf 82' lang='lat' dir='ltr'>serendum</span> <span class='ocrx_word' id='word_1_195' title='bbox 508 2206 588 2232; x_wconf 88' lang='lat' dir='ltr'>cum</span> <span class='ocrx_word' id='word_1_196' title='bbox 618 2195 799 2231; x_wconf 76' lang='lat' dir='ltr'>victoriast</span> <span class='ocrx_word' id='word_1_197' title='bbox 820 2190 1055 2231; x_wconf 71' lang='lat' dir='ltr'>Ribbec&#39;lcius</span> <span class='ocrx_word' id='word_1_198' title='bbox 1078 2194 1251 2241; x_wconf 81' lang='lat' dir='ltr'>fortasse</span> <span class='ocrx_word' id='word_1_199' title='bbox 1278 2197 1442 2240; x_wconf 82' lang='lat' dir='ltr'>rectius,</span> <span class='ocrx_word' id='word_1_200' title='bbox 1471 2192 1567 2241; x_wconf 88' lang='lat' dir='ltr'>quod</span> <span class='ocrx_word' id='word_1_201' title='bbox 1596 2193 1619 2228; x_wconf 85' lang='lat' dir='ltr'>s.</span> <span class='ocrx_word' id='word_1_202' title='bbox 1641 2199 1695 2229; x_wconf 74' lang='lat' dir='ltr'>est</span> 
     </span>
     <span class='ocr_line' id='line_1_30' title="bbox 181 2247 1699 2298; baseline -0.003 -9"><span class='ocrx_word' id='word_1_203' title='bbox 181 2253 310 2289; x_wconf 88' lang='lat' dir='ltr'>vulnus</span> <span class='ocrx_word' id='word_1_204' title='bbox 331 2263 410 2289; x_wconf 89' lang='lat' dir='ltr'>cum</span> <span class='ocrx_word' id='word_1_205' title='bbox 433 2265 463 2288; x_wconf 89' lang='lat' dir='ltr'>v.</span> <span class='ocrx_word' id='word_1_206' title='bbox 487 2252 611 2289; x_wconf 76' lang='lat' dir='ltr'>Bothe</span> <span class='ocrx_word' id='word_1_207' title='bbox 745 2250 823 2288; x_wconf 84' lang='lat'>607</span> <span class='ocrx_word' id='word_1_208' title='bbox 858 2249 916 2298; x_wconf 85' lang='lat' dir='ltr'>Cf.</span> <span class='ocrx_word' id='word_1_209' title='bbox 940 2262 973 2287; x_wconf 86' lang='lat' dir='ltr'>v.</span> <span class='ocrx_word' id='word_1_210' title='bbox 998 2250 1090 2287; x_wconf 91' lang='grc'>116.</span> <span class='ocrx_word' id='word_1_211' title='bbox 1113 2250 1193 2287; x_wconf 87' lang='grc'>598</span> <span class='ocrx_word' id='word_1_212' title='bbox 1315 2247 1507 2286; x_wconf 67' lang='lat' dir='ltr'>metuendo</span> <span class='ocrx_word' id='word_1_213' title='bbox 1527 2249 1699 2297; x_wconf 60' lang='grc'>11190181..-</span> 
     </span>
    </p>
   </div>
   <div class='ocr_carea' id='block_1_8' title="bbox 141 2305 1698 2481">
    <p class='ocr_par' dir='ltr' id='par_1_14' title="bbox 141 2305 1698 2481">
     <span class='ocr_line' id='line_1_31' title="bbox 141 2305 1696 2366; baseline -0.001 -12"><span class='ocrx_word' id='word_1_214' title='bbox 141 2351 158 2354; x_wconf 82' lang='grc'>-</span> <span class='ocrx_word' id='word_1_215' title='bbox 177 2319 363 2357; x_wconf 76' lang='lat' dir='ltr'>metuendi</span> <span class='ocrx_word' id='word_1_216' title='bbox 384 2319 422 2356; x_wconf 90' lang='lat' dir='ltr'><em>F</em></span> <span class='ocrx_word' id='word_1_217' title='bbox 553 2319 633 2356; x_wconf 84' lang='lat'>609</span> <span class='ocrx_word' id='word_1_218' title='bbox 664 2317 876 2355; x_wconf 75' lang='lat' dir='ltr'>abstulerint</span> <span class='ocrx_word' id='word_1_219' title='bbox 903 2317 1076 2366; x_wconf 74' lang='lat' dir='ltr'>Inyolst..·</span> <span class='ocrx_word' id='word_1_220' title='bbox 1106 2305 1281 2354; x_wconf 63' lang='lat' dir='ltr'>ahstuleFt</span> <span class='ocrx_word' id='word_1_221' title='bbox 1301 2317 1338 2353; x_wconf 86' lang='lat' dir='ltr'><em>F</em></span> <span class='ocrx_word' id='word_1_222' title='bbox 1468 2317 1545 2354; x_wconf 86' lang='lat'>611</span> <span class='ocrx_word' id='word_1_223' title='bbox 1580 2315 1641 2364; x_wconf 78' lang='lat' dir='ltr'>Cf.</span> <span class='ocrx_word' id='word_1_224' title='bbox 1665 2330 1696 2353; x_wconf 86' lang='lat' dir='ltr'>v.</span> 
     </span>
     <span class='ocr_line' id='line_1_32' title="bbox 181 2368 1696 2422; baseline -0.004 -8"><span class='ocrx_word' id='word_1_225' title='bbox 181 2376 263 2414; x_wconf 86' lang='lat'>603</span> <span class='ocrx_word' id='word_1_226' title='bbox 380 2375 461 2413; x_wconf 85' lang='lat'>614</span> <span class='ocrx_word' id='word_1_227' title='bbox 495 2374 552 2422; x_wconf 78' lang='lat' dir='ltr'>of.</span> <span class='ocrx_word' id='word_1_228' title='bbox 575 2387 606 2413; x_wconf 78' lang='grc' dir='ltr'>υ.</span> <span class='ocrx_word' id='word_1_229' title='bbox 629 2374 709 2412; x_wconf 81' lang='lat'>257</span> <span class='ocrx_word' id='word_1_230' title='bbox 827 2374 906 2412; x_wconf 87' lang='lat'>615</span> <span class='ocrx_word' id='word_1_231' title='bbox 938 2375 1006 2422; x_wconf 86' lang='lat' dir='ltr'>ipsi</span> <span class='ocrx_word' id='word_1_232' title='bbox 1029 2375 1171 2411; x_wconf 73' lang='lat' dir='ltr'>Gruter</span> <span class='ocrx_word' id='word_1_233' title='bbox 1286 2373 1365 2411; x_wconf 81' lang='lat'>616</span> <span class='ocrx_word' id='word_1_234' title='bbox 1398 2373 1456 2420; x_wconf 80' lang='lat' dir='ltr'>cs.</span> <span class='ocrx_word' id='word_1_235' title='bbox 1479 2385 1510 2410; x_wconf 79' lang='lat' dir='ltr'>v.</span> <span class='ocrx_word' id='word_1_236' title='bbox 1532 2368 1597 2410; x_wconf 79' lang='lat'>82.</span> <span class='ocrx_word' id='word_1_237' title='bbox 1616 2373 1696 2409; x_wconf 85' lang='lat'>313</span> 
     </span>
     <span class='ocr_line' id='line_1_33' title="bbox 294 2428 1698 2481; baseline -0.004 -12"><span class='ocrx_word' id='word_1_238' title='bbox 294 2432 374 2476; x_wconf 87' lang='lat'>618</span> <span class='ocrx_word' id='word_1_239' title='bbox 405 2428 429 2453; x_wconf 88' lang='lat'><strong>*</strong></span> <span class='ocrx_word' id='word_1_240' title='bbox 451 2432 634 2481; x_wconf 83' lang='lat' dir='ltr'>quisquis:</span> <span class='ocrx_word' id='word_1_241' title='bbox 666 2432 726 2479; x_wconf 87' lang='lat' dir='ltr'>qui</span> <span class='ocrx_word' id='word_1_242' title='bbox 748 2431 784 2466; x_wconf 90' lang='lat' dir='ltr'><em>F</em></span> <span class='ocrx_word' id='word_1_243' title='bbox 808 2430 952 2478; x_wconf 84' lang='lat' dir='ltr'>(eadem</span> <span class='ocrx_word' id='word_1_244' title='bbox 974 2432 1197 2478; x_wconf 80' lang='lat' dir='ltr'>corruptela</span> <span class='ocrx_word' id='word_1_245' title='bbox 1219 2443 1252 2468; x_wconf 89' lang='lat' dir='ltr'>v.</span> <span class='ocrx_word' id='word_1_246' title='bbox 1275 2430 1311 2467; x_wconf 87' lang='lat'>9.</span> <span class='ocrx_word' id='word_1_247' title='bbox 1333 2428 1447 2475; x_wconf 81' lang='lat'>379);</span> <span class='ocrx_word' id='word_1_248' title='bbox 1479 2430 1539 2477; x_wconf 83' lang='lat' dir='ltr'>qui</span> <span class='ocrx_word' id='word_1_249' title='bbox 1560 2440 1595 2465; x_wconf 90' lang='lat' dir='ltr'>n.</span> <span class='ocrx_word' id='word_1_250' title='bbox 1616 2428 1698 2465; x_wconf 90' lang='lat' dir='ltr'>sub·</span> 
     </span>
    </p>
   </div>
   <div class='ocr_carea' id='block_1_9' title="bbox 111 2486 1698 2537">
    <p class='ocr_par' dir='ltr' id='par_1_15' title="bbox 111 2486 1698 2537">
     <span class='ocr_line' id='line_1_34' title="bbox 111 2486 1698 2537; baseline -0.003 -11"><span class='ocrx_word' id='word_1_251' title='bbox 111 2487 114 2490; x_wconf 70' lang='grc'>’</span> <span class='ocrx_word' id='word_1_252' title='bbox 176 2489 271 2526; x_wconf 80' lang='lat' dir='ltr'>levat</span> <span class='ocrx_word' id='word_1_253' title='bbox 292 2489 450 2537; x_wconf 75' lang='lat' dir='ltr'>Inyolst.</span> <span class='ocrx_word' id='word_1_254' title='bbox 481 2488 542 2537; x_wconf 91' lang='lat' dir='ltr'>qui</span> <span class='ocrx_word' id='word_1_255' title='bbox 570 2492 711 2524; x_wconf 79' lang='lat' dir='ltr'>sontem</span> <span class='ocrx_word' id='word_1_256' title='bbox 741 2486 839 2523; x_wconf 83' lang='lat' dir='ltr'>iubet</span> <span class='ocrx_word' id='word_1_257' title='bbox 866 2486 1016 2535; x_wconf 83' lang='lat' dir='ltr'>perdere</span> <span class='ocrx_word' id='word_1_258' title='bbox 1042 2487 1090 2533; x_wconf 91' lang='lat' dir='ltr'>T,</span> <span class='ocrx_word' id='word_1_259' title='bbox 1121 2488 1185 2523; x_wconf 82' lang='lat' dir='ltr'>ubi</span> <span class='ocrx_word' id='word_1_260' title='bbox 1210 2491 1276 2523; x_wconf 80' lang='lat' dir='ltr'>aut</span> <span class='ocrx_word' id='word_1_261' title='bbox 1296 2496 1448 2534; x_wconf 80' lang='lat' dir='ltr'>pergere</span> <span class='ocrx_word' id='word_1_262' title='bbox 1469 2487 1607 2532; x_wconf 71' lang='lat' dir='ltr'>cor-riq.</span> <span class='ocrx_word' id='word_1_263' title='bbox 1631 2490 1698 2522; x_wconf 81' lang='lat' dir='ltr'>aut</span> 
     </span>
    </p>
   </div>
   <div class='ocr_carea' id='block_1_10' title="bbox 176 2541 1697 2982">
    <p class='ocr_par' dir='ltr' id='par_1_16' title="bbox 176 2541 1697 2762">
     <span class='ocr_line' id='line_1_35' title="bbox 178 2541 1696 2594; baseline -0.004 -12"><span class='ocrx_word' id='word_1_264' title='bbox 178 2546 238 2594; x_wconf 85' lang='lat' dir='ltr'>qui</span> <span class='ocrx_word' id='word_1_265' title='bbox 261 2546 440 2582; x_wconf 80' lang='lat' dir='ltr'>insontem</span> <span class='ocrx_word' id='word_1_266' title='bbox 463 2545 485 2580; x_wconf 91' lang='lat' dir='ltr'>i.</span> <span class='ocrx_word' id='word_1_267' title='bbox 508 2556 543 2593; x_wconf 91' lang='lat' dir='ltr'>p.</span> <span class='ocrx_word' id='word_1_268' title='bbox 568 2544 628 2592; x_wconf 71' lang='lat' dir='ltr'>Cf.</span> <span class='ocrx_word' id='word_1_269' title='bbox 651 2555 682 2580; x_wconf 90' lang='lat' dir='ltr'>v.</span> <span class='ocrx_word' id='word_1_270' title='bbox 705 2542 786 2579; x_wconf 83' lang='lat'>421</span> <span class='ocrx_word' id='word_1_271' title='bbox 904 2542 984 2580; x_wconf 88' lang='grc'>622</span> <span class='ocrx_word' id='word_1_272' title='bbox 1017 2543 1076 2590; x_wconf 85' lang='lat' dir='ltr'>Cf.</span> <span class='ocrx_word' id='word_1_273' title='bbox 1100 2554 1130 2579; x_wconf 87' lang='lat' dir='ltr'>v.</span> <span class='ocrx_word' id='word_1_274' title='bbox 1155 2542 1246 2580; x_wconf 85' lang='lat'>636.</span> <span class='ocrx_word' id='word_1_275' title='bbox 1269 2553 1371 2579; x_wconf 82' lang='lat' dir='ltr'>causa</span> <span class='ocrx_word' id='word_1_276' title='bbox 1394 2541 1567 2589; x_wconf 77' lang='lat' dir='ltr'>Inyolst..·</span> <span class='ocrx_word' id='word_1_277' title='bbox 1594 2552 1696 2577; x_wconf 81' lang='lat' dir='ltr'>casus</span> 
     </span>
     <span class='ocr_line' id='line_1_36' title="bbox 177 2595 1616 2646; baseline -0.005 -7"><span class='ocrx_word' id='word_1_278' title='bbox 177 2603 216 2639; x_wconf 90' lang='lat' dir='ltr'><em>F</em></span> <span class='ocrx_word' id='word_1_279' title='bbox 329 2599 369 2637; x_wconf 76' lang='lat' dir='ltr'>fit</span> <span class='ocrx_word' id='word_1_280' title='bbox 391 2601 554 2638; x_wconf 80' lang='lat' dir='ltr'>Gruter.-</span> <span class='ocrx_word' id='word_1_281' title='bbox 574 2601 622 2636; x_wconf 83' lang='lat' dir='ltr'>sit</span> <span class='ocrx_word' id='word_1_282' title='bbox 643 2600 679 2635; x_wconf 81' lang='lat' dir='ltr'><em>F</em></span> <span class='ocrx_word' id='word_1_283' title='bbox 791 2598 870 2636; x_wconf 89' lang='grc'>623</span> <span class='ocrx_word' id='word_1_284' title='bbox 902 2610 1026 2635; x_wconf 86' lang='lat' dir='ltr'>omnes</span> <span class='ocrx_word' id='word_1_285' title='bbox 1049 2599 1191 2636; x_wconf 84' lang='lat' dir='ltr'>Gruter</span> <span class='ocrx_word' id='word_1_286' title='bbox 1211 2598 1272 2646; x_wconf 76' lang='lat' dir='ltr'>(cf.</span> <span class='ocrx_word' id='word_1_287' title='bbox 1297 2611 1329 2635; x_wconf 77' lang='lat' dir='ltr'>v,</span> <span class='ocrx_word' id='word_1_288' title='bbox 1355 2595 1466 2644; x_wconf 81' lang='lat'>112):</span> <span class='ocrx_word' id='word_1_289' title='bbox 1489 2609 1556 2633; x_wconf 77' lang='lat' dir='ltr'>om.</span> <span class='ocrx_word' id='word_1_290' title='bbox 1579 2598 1616 2633; x_wconf 82' lang='lat' dir='ltr'><em>F</em></span> 
     </span>
     <span class='ocr_line' id='line_1_37' title="bbox 177 2646 1697 2707; baseline -0.005 -12"><span class='ocrx_word' id='word_1_291' title='bbox 177 2658 334 2707; x_wconf 79' lang='lat' dir='ltr'>diligunt</span> <span class='ocrx_word' id='word_1_292' title='bbox 354 2658 529 2706; x_wconf 77' lang='lat' dir='ltr'>Inyolse..·</span> <span class='ocrx_word' id='word_1_293' title='bbox 549 2656 668 2705; x_wconf 75' lang='lat' dir='ltr'>diligit</span> <span class='ocrx_word' id='word_1_294' title='bbox 689 2655 726 2691; x_wconf 92' lang='lat' dir='ltr'><em>F</em></span> <span class='ocrx_word' id='word_1_295' title='bbox 819 2654 899 2692; x_wconf 83' lang='lat'>624</span> <span class='ocrx_word' id='word_1_296' title='bbox 931 2654 990 2703; x_wconf 86' lang='lat' dir='ltr'>Cf.</span> <span class='ocrx_word' id='word_1_297' title='bbox 1014 2668 1046 2695; x_wconf 88' lang='lat' dir='ltr'>v.</span> <span class='ocrx_word' id='word_1_298' title='bbox 1069 2654 1165 2701; x_wconf 83' lang='lat'>444,</span> <span class='ocrx_word' id='word_1_299' title='bbox 1187 2654 1368 2691; x_wconf 81' lang='lat' dir='ltr'>Menand.</span> <span class='ocrx_word' id='word_1_300' title='bbox 1391 2653 1553 2690; x_wconf 82' lang='lat' dir='ltr'>Monost.</span> <span class='ocrx_word' id='word_1_301' title='bbox 1576 2646 1697 2688; x_wconf 80' lang='grc' dir='ltr'><strong><em>καλόν</em></strong></span> 
     </span>
     <span class='ocr_line' id='line_1_38' title="bbox 176 2704 1551 2762; baseline -0.004 -12"><span class='ocrx_word' id='word_1_302' title='bbox 176 2726 215 2750; x_wconf 86' lang='grc' dir='ltr'>τι</span> <span class='ocrx_word' id='word_1_303' title='bbox 242 2708 500 2762; x_wconf 78' lang='grc' dir='ltr'><em>θησαύρισμα</em></span> <span class='ocrx_word' id='word_1_304' title='bbox 528 2708 690 2760; x_wconf 78' lang='grc' dir='ltr'><strong><em>κειμένη</em></strong></span> <span class='ocrx_word' id='word_1_305' title='bbox 717 2704 828 2759; x_wconf 73' lang='grc' dir='ltr'><em>χάρις</em></span> <span class='ocrx_word' id='word_1_306' title='bbox 974 2722 1080 2747; x_wconf 84' lang='lat' dir='ltr'>usura</span> <span class='ocrx_word' id='word_1_307' title='bbox 1108 2717 1163 2747; x_wconf 82' lang='lat' dir='ltr'>est</span> <span class='ocrx_word' id='word_1_308' title='bbox 1184 2712 1353 2759; x_wconf 77' lang='lat' dir='ltr'>Iuyolst..·</span> <span class='ocrx_word' id='word_1_309' title='bbox 1381 2715 1435 2745; x_wconf 76' lang='lat' dir='ltr'>est</span> <span class='ocrx_word' id='word_1_310' title='bbox 1457 2720 1490 2744; x_wconf 87' lang='lat' dir='ltr'>u.</span> <span class='ocrx_word' id='word_1_311' title='bbox 1515 2709 1551 2744; x_wconf 84' lang='lat' dir='ltr'><em>F</em></span> 
     </span>
    </p>

    <p class='ocr_par' dir='ltr' id='par_1_17' title="bbox 178 2766 1697 2875">
     <span class='ocr_line' id='line_1_39' title="bbox 179 2766 1697 2818; baseline -0.005 -10"><span class='ocrx_word' id='word_1_312' title='bbox 179 2770 260 2808; x_wconf 83' lang='lat'>625</span> <span class='ocrx_word' id='word_1_313' title='bbox 295 2771 331 2807; x_wconf 90' lang='lat' dir='ltr'>in</span> <span class='ocrx_word' id='word_1_314' title='bbox 369 2770 514 2818; x_wconf 87' lang='lat' dir='ltr'>periclis</span> <span class='ocrx_word' id='word_1_315' title='bbox 551 2774 607 2805; x_wconf 78' lang='lat' dir='ltr'>est</span> <span class='ocrx_word' id='word_1_316' title='bbox 643 2770 737 2805; x_wconf 82' lang='lat' dir='ltr'>coni.</span> <span class='ocrx_word' id='word_1_317' title='bbox 769 2767 1002 2805; x_wconf 76' lang='lat' dir='ltr'>Ribbeckius</span> <span class='ocrx_word' id='word_1_318' title='bbox 1032 2773 1249 2814; x_wconf 80' lang='lat' dir='ltr'>praeeunle</span> <span class='ocrx_word' id='word_1_319' title='bbox 1285 2767 1533 2803; x_wconf 80' lang='lat' dir='ltr'>Desbillom&#39;o:</span> <span class='ocrx_word' id='word_1_320' title='bbox 1572 2771 1627 2801; x_wconf 76' lang='lat' dir='ltr'>est</span> <span class='ocrx_word' id='word_1_321' title='bbox 1662 2766 1697 2801; x_wconf 88' lang='lat' dir='ltr'>in</span> 
     </span>
     <span class='ocr_line' id='line_1_40' title="bbox 178 2822 1533 2875; baseline -0.005 -11"><span class='ocrx_word' id='word_1_322' title='bbox 178 2826 346 2875; x_wconf 84' lang='lat' dir='ltr'>periculis</span> <span class='ocrx_word' id='word_1_323' title='bbox 368 2827 415 2874; x_wconf 78' lang='lat' dir='ltr'>F,</span> <span class='ocrx_word' id='word_1_324' title='bbox 438 2832 474 2863; x_wconf 80' lang='lat' dir='ltr'>te</span> <span class='ocrx_word' id='word_1_325' title='bbox 492 2827 528 2862; x_wconf 89' lang='lat' dir='ltr'>in</span> <span class='ocrx_word' id='word_1_326' title='bbox 550 2825 692 2874; x_wconf 84' lang='lat' dir='ltr'>periclis</span> <span class='ocrx_word' id='word_1_327' title='bbox 715 2824 859 2870; x_wconf 78' lang='lat' dir='ltr'>Bothe,</span> <span class='ocrx_word' id='word_1_328' title='bbox 882 2834 981 2859; x_wconf 86' lang='lat' dir='ltr'>cons.</span> <span class='ocrx_word' id='word_1_329' title='bbox 1005 2834 1174 2871; x_wconf 83' lang='lat' dir='ltr'>quaerere</span> <span class='ocrx_word' id='word_1_330' title='bbox 1195 2825 1230 2859; x_wconf 92' lang='lat' dir='ltr'>in</span> <span class='ocrx_word' id='word_1_331' title='bbox 1250 2822 1416 2871; x_wconf 86' lang='lat' dir='ltr'>periculis</span> <span class='ocrx_word' id='word_1_332' title='bbox 1438 2822 1533 2857; x_wconf 81' lang='lat' dir='ltr'>idem</span> 
     </span>
    </p>

    <p class='ocr_par' dir='ltr' id='par_1_18' title="bbox 180 2877 1696 2982">
     <span class='ocr_line' id='line_1_41' title="bbox 181 2877 1696 2928; baseline -0.004 -9"><span class='ocrx_word' id='word_1_333' title='bbox 181 2882 261 2920; x_wconf 90' lang='lat'>116</span> <span class='ocrx_word' id='word_1_334' title='bbox 291 2888 434 2919; x_wconf 80' lang='lat' dir='ltr'>cautum</span> <span class='ocrx_word' id='word_1_335' title='bbox 455 2882 522 2919; x_wconf 87' lang='lat' dir='ltr'>FC</span> <span class='ocrx_word' id='word_1_336' title='bbox 557 2883 662 2919; x_wconf 74' lang='lat' dir='ltr'>Vino.</span> <span class='ocrx_word' id='word_1_337' title='bbox 685 2881 734 2917; x_wconf 91' lang='lat' dir='ltr'>B.</span> <span class='ocrx_word' id='word_1_338' title='bbox 765 2891 822 2928; x_wconf 82' lang='lat' dir='ltr'>sp.</span> <span class='ocrx_word' id='word_1_339' title='bbox 854 2882 888 2917; x_wconf 82' lang='lat' dir='ltr'>d.</span> <span class='ocrx_word' id='word_1_340' title='bbox 920 2880 967 2926; x_wconf 86' lang='lat'>5,</span> <span class='ocrx_word' id='word_1_341' title='bbox 992 2879 1063 2915; x_wconf 84' lang='lat'>19:</span> <span class='ocrx_word' id='word_1_342' title='bbox 1095 2878 1244 2915; x_wconf 78' lang='lat' dir='ltr'>candum</span> <span class='ocrx_word' id='word_1_343' title='bbox 1267 2878 1356 2916; x_wconf 86' lang='lat' dir='ltr'>PR.</span> <span class='ocrx_word' id='word_1_344' title='bbox 1385 2877 1529 2914; x_wconf 76' lang='lat' dir='ltr'>caudam</span> <span class='ocrx_word' id='word_1_345' title='bbox 1559 2883 1594 2914; x_wconf 78' lang='lat' dir='ltr'>et</span> <span class='ocrx_word' id='word_1_346' title='bbox 1615 2889 1696 2925; x_wconf 84' lang='lat' dir='ltr'>por·</span> 
     </span>
     <span class='ocr_line' id='line_1_42' title="bbox 180 2933 1694 2982; baseline -0.003 -8"><span class='ocrx_word' id='word_1_347' title='bbox 180 2949 262 2975; x_wconf 90' lang='lat' dir='ltr'>cum</span> <span class='ocrx_word' id='word_1_348' title='bbox 288 2939 335 2975; x_wconf 86' lang='grc' dir='ltr'>Ε.</span> <span class='ocrx_word' id='word_1_349' title='bbox 396 2938 606 2976; x_wconf 69' lang='lat' dir='ltr'>Sertorium*</span> <span class='ocrx_word' id='word_1_350' title='bbox 621 2939 785 2975; x_wconf 76' lang='lat' dir='ltr'>restituit</span> <span class='ocrx_word' id='word_1_351' title='bbox 805 2936 1065 2974; x_wconf 77' lang='lat' dir='ltr'>Paullmleon:</span> <span class='ocrx_word' id='word_1_352' title='bbox 1095 2935 1133 2971; x_wconf 85' lang='grc' dir='ltr'>Τ.</span> <span class='ocrx_word' id='word_1_353' title='bbox 1157 2940 1258 2972; x_wconf 77' lang='lat' dir='ltr'>vocat</span> <span class='ocrx_word' id='word_1_354' title='bbox 1278 2946 1317 2971; x_wconf 90' lang='lat' dir='ltr'>se</span> <span class='ocrx_word' id='word_1_355' title='bbox 1337 2946 1367 2971; x_wconf 90' lang='lat' dir='ltr'>c.</span> <span class='ocrx_word' id='word_1_356' title='bbox 1392 2946 1426 2982; x_wconf 83' lang='lat' dir='ltr'>p.</span> <span class='ocrx_word' id='word_1_357' title='bbox 1449 2946 1476 2970; x_wconf 93' lang='lat' dir='ltr'>s.</span> <span class='ocrx_word' id='word_1_358' title='bbox 1526 2933 1583 2982; x_wconf 81' lang='lat' dir='ltr'>Cf.</span> <span class='ocrx_word' id='word_1_359' title='bbox 1606 2934 1694 2970; x_wconf 72' lang='lat' dir='ltr'>Son.</span> 
     </span>
    </p>
   </div>
  </div>
 </body>
</html>
