1956 3308
567 255 773 287 PUBLILII
804 256 908 288 SYRI
939 256 1244 288 SENTENTIAE.
1611 250 1661 292 71

252 358 377 402 Bona
406 364 628 415 comparat
657 357 878 416 praesidia
907 357 1219 401 misericordia.

253 425 519 469 Beneficium
549 424 695 482 dignis
724 425 802 468 ubi
834 426 926 481 des,
958 441 1106 469 omnes
1137 425 1321 483 obliges.

251 494 407 536 Brevis
438 494 534 551 ipsa
563 494 671 548 vita,
704 494 780 536 sed
810 493 935 536 malis
965 494 1015 536 fit
1044 494 1228 550 longior.

167 567 222 606 80
250 561 472 605 Beneficia
502 560 655 603 donari
683 568 760 604 aut
789 561 894 604 mali
923 568 998 604 aut
1029 561 1151 604 stulti
1182 569 1348 620 putant.

250 629 369 672 Bene
399 628 556 686 perdas
587 628 809 685 gaudium,
840 628 918 671 ubi
949 628 1072 672 dolor
1102 631 1266 691 pariter
1294 631 1422 688 perit.

249 698 371 748 Bene
399 697 514 739 vixit
544 698 596 751 is,
628 697 703 754 qui
732 697 888 754 potuit,
921 711 1018 738 cum
1049 697 1189 740 voluit
1218 700 1342 741 mori.

251 765 390 823 (Bene
419 763 572 806 audire
600 763 785 806 alterum
814 764 1124 821 patrimonium
1154 767 1254 821 est.)

250 833 382 889 (Boni
412 838 478 875 est
508 833 609 886 viri,
642 832 773 874 etiam
802 833 850 874 in
879 839 1018 875 morte
1049 832 1218 874 nullum
1248 832 1434 890 fallere.)

164 905 217 944 85
250 900 471 943 Consueta
500 900 612 942 vitia
641 899 835 954 ferimus,
866 914 953 943 non
983 900 1300 958 reprendimus.

251 967 453 1011 Crudelis
485 968 531 1010 in
559 982 607 1010 re
635 967 823 1010 adversa
853 974 918 1010 est
948 968 1206 1034 obiurgatio.

248 1036 446 1079 Cavendi
476 1034 596 1078 nulla
627 1042 692 1077 est
721 1035 987 1078 dimittenda
1017 1037 1199 1079 occasio.

249 1104 332 1148 Cm·
362 1118 534 1161 semper
563 1103 752 1158 dederis,
784 1103 861 1146 ubi
890 1117 1038 1160 neges,
1069 1117 1221 1161 rapere
1251 1104 1453 1161 imperes.

247 1171 480 1215 Crudelem
510 1171 728 1214 medicum
757 1171 1049 1228 intemperans
1082 1185 1214 1227 aeger
1243 1171 1364 1214 facit.

162 1245 216 1283 90
246 1239 381 1282 Cuius
411 1245 594 1282 mortem
623 1240 753 1281 amici
783 1246 1029 1296 expectant,
1061 1241 1198 1281 vitam
1228 1240 1346 1281 cives
1377 1238 1574 1282 oderunt.

246 1307 358 1350 Cum
387 1308 562 1350 inimico
591 1321 718 1349 nemo
748 1308 794 1348 in
823 1309 1009 1362 gratiam
1038 1313 1131 1349 tuto
1162 1306 1291 1349 redit.

135 1458 312 1487 comens
342 1461 375 1486 v.
396 1432 563 1486 44-78
593 1448 783 1485 PRBFV
801 1447 912 1495 (EC),
937 1446 1103 1485 79—84
1124 1447 1213 1494 FV,
1236 1447 1430 1486 85-105
1452 1446 1581 1496 (TEC)

134 1538 257 1576 supra
274 1539 350 1565 scr.
368 1533 409 1564 tu
425 1538 503 1564 sec.
522 1539 569 1564 m.
586 1528 634 1573 Β,
653 1532 708 1563 est
725 1525 912 1576 turpitudo
933 1527 965 1564 V
1038 1527 1212 1575 periclum
1228 1527 1266 1563 B
1278 1527 1441 1564 VBern.
1462 1527 1661 1576 periculum

135 1587 258 1623 ceteri
340 1583 496 1620 vindicat
516 1580 628 1621 PRB
641 1584 671 1620 V
680 1600 690 1619 .·
720 1582 853 1620 indicat
872 1583 939 1620 FC
958 1584 1148 1619 Erasmus
1249 1583 1299 1620 77
1332 1583 1400 1620 EC
1429 1584 1535 1621 Vinb.
1561 1584 1659 1631 Bell.

134 1654 191 1690 sp.
214 1643 252 1679 d.
272 1641 313 1688 4,
336 1640 401 1678 67.
443 1640 502 1688 Cf.
534 1653 564 1677 v.
588 1639 669 1677 329
759 1639 810 1677 78
841 1639 904 1676 des
926 1639 1041 1677 RFV
1058 1640 1260 1676 Pithoeus:
1291 1639 1353 1675 das
1373 1650 1457 1686 sup.
1481 1651 1559 1678 scr.
1581 1651 1658 1677 sec.

133 1711 180 1736 m.
203 1697 243 1746 C,
266 1698 477 1739 Erasmus,
499 1695 543 1733 de
563 1696 599 1732 P
712 1695 852 1744 obliges
873 1695 1027 1733 RBFV
1044 1696 1245 1732 Pithoeus.-
1276 1695 1422 1743 obleges
1445 1695 1490 1743 P,
1521 1695 1659 1745 obligas

135 1756 171 1791 B
189 1765 266 1791 sec.
287 1767 333 1790 m.
356 1754 413 1800 Β,
435 1754 624 1790 Erasmus
741 1752 791 1789 79
825 1752 883 1800 Cf.
907 1764 940 1789 v.
962 1751 1044 1789 438
1159 1764 1190 1787 ν.
1214 1757 1290 1799 est,
1323 1751 1386 1788 sed
1409 1752 1553 1788 Gruter
1561 1769 1573 1794 ;
1603 1753 1656 1800 cf.

134 1812 273 1849 Horat.
305 1822 426 1847 carm.
455 1810 501 1854 1,
524 1807 598 1854 24,
623 1809 673 1846 19
816 1808 866 1846 81
902 1807 959 1856 Cf.
991 1821 1022 1845 v.
1045 1807 1128 1845 440
1260 1808 1389 1857 perdas
1410 1809 1505 1844 FV:
1535 1807 1656 1857 perdis

135 1869 280 1905 Gruter
393 1865 446 1904 82
478 1866 534 1902 Bis
555 1865 642 1902 vixit
662 1866 693 1901 is
726 1865 767 1911 V,
789 1864 880 1901 bene
900 1865 986 1901 vixit
1007 1866 1054 1911 F,
1084 1865 1112 1901 is
1133 1867 1386 1911 suppleverat
1405 1867 1481 1901 iam
1504 1865 1656 1902 Gruter.

137 1924 197 1973 Cf.
220 1936 254 1961 v.
277 1923 358 1962 616
474 1921 527 1959 83
560 1921 621 1970 Cf.
643 1934 676 1958 υ.
701 1921 765 1959 62.
790 1920 886 1958 217.
908 1921 1004 1958 498.
1125 1921 1160 1957 B.
1184 1920 1293 1969 vulgo
1315 1933 1343 1957 a.
1367 1926 1423 1957 est
1443 1932 1474 1957 a.
1498 1932 1533 1969 p.
1556 1922 1656 1958 Gru-

134 1986 205 2028 ter,
227 1979 357 2023 καλῶς
376 1971 542 2015 ἀκούειν
560 1975 711 2025 μᾶλλον
730 1967 755 2024 ἢ
775 1977 960 2013 πλουτεῖν
980 1973 1073 2013 θέλε
1095 1978 1275 2014 Menand.
1298 1977 1460 2014 Monost.
1483 1976 1564 2015 285

134 2037 188 2075 84
219 2049 288 2074 om.
322 2036 354 2073 V
377 2035 573 2071 Martinus
601 2034 818 2071 Dumiensis
843 2035 890 2070 de
921 2034 1092 2080 formula
1128 2035 1312 2070 honestae
1341 2036 1442 2070 vitae
1468 2033 1658 2081 (Senecae

135 2105 221 2141 opp.
252 2094 311 2130 ed.
334 2091 377 2128 F.
401 2091 538 2128 Haase
566 2090 613 2136 3,
634 2088 731 2136 470)
761 2089 806 2136 2,
829 2090 873 2127 6:
903 2089 939 2125 B.
970 2095 1026 2126 est
1054 2101 1086 2125 v.
1115 2100 1144 2125 e.
1174 2090 1210 2125 in
1238 2100 1283 2125 m.
1315 2090 1489 2126 nemiuem
1519 2088 1543 2125 f.

134 2149 188 2187 85
219 2149 481 2195 Hieronymus
500 2149 611 2194 epist.
626 2147 678 2183 ad
695 2146 853 2183 Laetam
872 2146 949 2184 107
973 2145 999 2192 (Ι
1021 2145 1100 2183 679
1123 2147 1178 2182 ed.
1203 2144 1384 2192 Valtars.)
1418 2142 1522 2194 ‘Legi
1543 2157 1657 2194 quon-

133 2205 214 2242 dam
234 2206 270 2242 in
291 2203 424 2241 scholis
447 2213 558 2252 puer:
590 2204 707 2251 Aegre
727 2201 935 2250 reprendas,
959 2201 1057 2250 quod
1078 2202 1172 2238 sinas
1193 2201 1462 2238 consuescere.’
1513 2202 1571 2249 Cf.
1591 2213 1655 2250 pq.

137 2260 188 2299 14
303 2261 374 2296 vita
394 2260 510 2298 RFV
642 2259 728 2295 ferri
749 2259 827 2295 FV
957 2254 1049 2307 non]
1074 2258 1142 2294 nisi
1163 2258 1319 2306 Godosr.
1345 2268 1435 2294 nova
1458 2259 1657 2295 Bentleius

217 2316 465 2366 reprendimus
499 2317 530 2353 V
548 2330 555 2348 .-
578 2314 874 2364 reprehendimus
896 2317 1017 2351 ceteri
1131 2314 1183 2351 86
1214 2320 1270 2350 est
1293 2314 1332 2359 0,
1355 2315 1544 2351 Erasmus
1562 2313 1653 2362 (non

134 2373 207 2421 B).·
237 2386 306 2411 om.
328 2374 372 2419 L,
394 2384 426 2409 c.
449 2378 505 2409 est
525 2373 560 2408 in
582 2382 621 2407 re
643 2383 671 2407 a.
694 2370 921 2420 subiurgatio
942 2370 1047 2407 sceba
1069 2370 1123 2407 vel
1144 2381 1246 2407 saeva
1270 2371 1303 2407 Τ
1404 2370 1456 2407 87
1489 2370 1556 2408 EC

133 2430 187 2469 88
218 2440 324 2478 saepe
354 2429 598 2476 Godofredus
712 2438 824 2476 neges
844 2428 875 2464 L
904 2428 1113 2464 Erasmus:
1143 2437 1254 2475 negas
1274 2427 1334 2463 Pa
1363 2437 1443 2463 rec.
1472 2439 1519 2463 m.
1550 2438 1652 2464 corr.

134 2487 256 2524 Bern.
281 2484 320 2531 0,
343 2486 549 2522 Fabricius
691 2483 836 2532 imperis
856 2484 940 2530 PR,
962 2484 1113 2531 imperas
1134 2483 1256 2519 Bern.
1280 2482 1309 2519 C
1326 2484 1516 2519 Erasmus

134 2543 186 2581 89
218 2540 420 2580 mendicum
441 2541 478 2577 F
501 2542 574 2577 hoc
599 2542 705 2586 loco,
733 2541 803 2576 sed
829 2541 925 2577 idem
955 2550 1091 2576 versus
1117 2541 1154 2576 in
1176 2540 1213 2575 F
1223 2539 1253 2575 V
1273 2538 1384 2586 infra
1406 2542 1495 2575 ante
1516 2551 1549 2575 v.
1575 2539 1652 2576 107

132 2602 270 2637 iterum
295 2601 457 2646 leyitur:
483 2596 521 2633 C.
544 2595 719 2632 medicum
747 2596 769 2632 i.
793 2607 823 2631 a.
845 2596 868 2632 s.
984 2596 1255 2643 intemperantia
1286 2595 1390 2632 Vinc.
1414 2595 1509 2631 Bell.
1537 2605 1595 2641 sp.
1617 2596 1652 2631 d.

133 2654 176 2702 4,
198 2654 277 2692 155
393 2664 502 2702 aeger
523 2652 606 2689 facit
629 2652 704 2688 F'V
722 2653 844 2689 altero
863 2654 968 2698 loco,
993 2652 1202 2688 Erasmus.-
1233 2651 1318 2688 facit
1335 2661 1446 2699 aeger
1467 2649 1544 2697 HC,
1567 2650 1650 2687 facit

133 2711 244 2748 PBF
272 2711 375 2749 Vinc.
399 2709 480 2746 facti
513 2710 546 2746 V
556 2710 692 2755 priore
711 2710 795 2745 loco
910 2708 965 2745 90
994 2712 1185 2755 expectent
1205 2708 1446 2744 Panthaleon
1547 2707 1652 2744 vitam

135 2767 173 2803 B
192 2778 271 2806 rec.
291 2779 337 2804 m.
361 2769 398 2803 in
420 2777 541 2814 mat-9.
645 2764 741 2801 cives
764 2764 838 2800 BF
846 2764 879 2800 V
896 2765 944 2801 C.-
964 2764 1038 2800 ciu'
1060 2764 1129 2810 Pb,
1151 2765 1253 2800 cuius
1276 2761 1346 2808 Pa,
1368 2763 1456 2799 civis
1477 2763 1580 2799 euius
1601 2762 1651 2809 R,

136 2835 204 2860 om.
233 2823 423 2860 Erasmus
537 2821 690 2858 oderunt
712 2821 761 2856 L.-
793 2820 942 2856 oderant
970 2819 1231 2865 panthaleon,
1261 2819 1371 2856 odere
1400 2819 1480 2856 cod.
1510 2817 1649 2856 Panth.

137 2878 282 2915 oderint
305 2879 424 2917 Bothe
430 2895 444 2920 ,·
471 2890 503 2916 c.
526 2890 574 2926 m.
596 2881 769 2925 expetunt
790 2878 904 2923 cives,
936 2887 966 2911 v.
990 2875 1138 2912 oderant
1159 2876 1338 2912 Pithoeus
1358 2876 1526 2912 iambice.
1589 2874 1648 2922 Cf.

130 2946 196 2982 py-
218 2933 271 2971 56
386 2934 434 2970 91
468 2945 548 2972 cum
570 2934 749 2971 inimicum
771 2944 875 2969 nemo
896 2933 1046 2981 gratiam
1068 2932 1138 2978 Pa,
1161 2942 1240 2968 cum
1261 2931 1319 2967 ani
1340 2931 1522 2968 inimicum
1543 2941 1649 2968 nemo
