1956 3308
343 258 635 291 sauram-[An
655 257 803 289 muso
826 258 968 290 mrim
987 259 1170 291 Punmn.
1193 261 1448 293 insessum.
1581 253 1661 296 119

251 360 370 416 Agat
404 359 605 418 princeps
641 373 787 402 curam
815 374 903 403 non
931 366 1100 404 tantum
1129 361 1301 417 salutis,
1342 363 1419 406 sed
1454 364 1657 408 honestae

715 427 945 470 cicatricis.

207 521 210 523 >
249 493 378 537 Alius
406 495 453 537 in
481 493 579 536 aliis
610 494 738 537 rebus
769 501 835 537 est
864 497 1169 552 praestantior.

168 566 219 604 15
248 561 443 605 Alterius
474 561 679 604 damnum
706 561 917 618 gaudium
948 560 1064 606 haud
1092 563 1230 607 facias
1261 571 1396 608 tuum.

248 629 394 672 Amici
422 629 739 672 firmamentum
769 630 997 687 sapientia.

249 698 395 739 Amici
424 711 565 739 mores
595 697 784 751 noveris,
815 712 902 740 non
932 696 1092 740 oderis.

232 764 483 810 Amicitiae
513 763 743 826 coagulum
771 765 949 807 unicum
979 772 1044 808 est
1073 765 1197 808 fides.

248 832 457 875 Amicitia
486 846 611 890 pares
641 838 717 875 aut
745 833 906 890 accipit
935 838 1011 874 aut
1039 832 1161 875 facit.

165 904 219 943 20
247 899 457 942 Amicitia
486 914 655 957 semper
684 899 878 957 prodest,
911 914 1033 943 amor
1062 907 1105 943 et
1134 907 1274 944 nocet.

247 967 402 1010 Amico
434 981 484 1010 ea
513 967 734 1021 exhibeto,
765 981 876 1024 quae
905 966 1014 1010 velis
1045 968 1142 1011 tibi.

246 1035 426 1078 Amicos
455 1049 524 1077 res
555 1035 724 1091 opimae
753 1041 922 1092 parant,
953 1035 1162 1077 adversae
1192 1036 1395 1093 probant.

249 1102 452 1145 Amicum
481 1101 651 1144 laedere
680 1116 735 1143 ne
765 1102 858 1144 ioco
889 1102 1066 1159 quidem
1095 1102 1210 1146 lieet.

248 1171 450 1212 Amicum
479 1168 661 1227 perdere
692 1175 757 1211 est
788 1169 1043 1212 damnorum
1073 1172 1324 1214 maximum.

163 1242 216 1280 25
246 1238 426 1280 Amicus
458 1226 677 1292 eo‘magis
707 1237 845 1291 deest,
876 1237 993 1294 quod
1021 1238 1083 1279 nil
1111 1238 1248 1282 abest.
1343 1230 1345 1232 ¹

246 1305 382 1347 Amor
411 1305 585 1367 plisceri
615 1318 710 1346 cum
742 1305 896 1347 timore
924 1320 1011 1347 non
1040 1310 1194 1362 potest.

244 1373 317 1415 An
347 1372 471 1414 dives
501 1386 648 1414 omnes
679 1372 940 1428 quaerimus,
973 1386 1098 1415 nemo
1126 1388 1183 1415 an
1212 1372 1368 1417 bonus.

242 1442 443 1496 Angusta
473 1439 643 1497 capitur
673 1440 808 1482 tutior
836 1453 987 1482 mensa
1016 1440 1153 1482 cibus.

242 1507 393 1550 Animi
421 1516 564 1550 motus
595 1522 667 1550 eos
697 1513 898 1563 putamus
930 1508 1181 1550 sanissimos
1214 1508 1603 1566 validissimosque,

709 1575 783 1630 qui
813 1581 958 1617 nostro
988 1575 1186 1630 arbitrio,
1216 1591 1302 1618 non
1333 1592 1409 1619 suo
1439 1577 1649 1621 feruntur.

158 1648 214 1686 30
242 1642 427 1685 Animus
457 1641 660 1695 hominis,
692 1641 903 1698 quidquid
933 1641 1018 1684 sibi
1049 1643 1247 1700 imperat,
1279 1643 1460 1687 obtinet.

241 1711 448 1752 Annosus
478 1724 566 1751 non
595 1708 671 1750 diu
701 1709 830 1763 vixit,
862 1709 938 1750 diu
968 1709 1064 1753 fuit.
1185 1719 1187 1721 ’

241 1778 412 1820 Arbore
442 1776 612 1819 deiecta
641 1776 761 1831 ligna
791 1776 935 1833 quivis
967 1776 1147 1833 colligit.

240 1845 404 1887 Areum
432 1844 618 1886 intentio
648 1843 826 1899 frangit,
857 1844 1048 1887 animum
1079 1846 1290 1888 remissio.

207 1919 222 1928 ⁸
240 1913 327 1954 Ars
357 1927 444 1956 non
475 1925 525 1952 ea
555 1918 635 1966 est,
667 1925 778 1968 quae
806 1910 863 1953 ad
895 1911 1093 1954 effectum
1124 1927 1227 1955 casu
1256 1914 1388 1956 venit.

156 1985 210 2023 35
229 1979 434 2026 ,Assidua
463 1978 631 2036 pondus
661 1994 749 2022 non
779 1978 911 2021 habet
939 1980 1165 2022 severitas.

238 2048 411 2089 Avarus
442 2046 612 2088 animus
642 2045 761 2089 nullo
791 2047 974 2088 satiatur
1003 2045 1136 2089 lucro.

90 53 135 82 121„

53 280 68 298 z.

98 339 101 373 ζ

66 436 103 474 s,

77 477 98 496 ἃ.

259 2198 308 2234 13
342 2197 408 2234 Go.
430 2196 513 2234 Seu.
542 2196 586 2233 de
612 2196 715 2234 clem.
742 2198 785 2245 1,
811 2196 875 2245 17,
898 2197 921 2234 2
1059 2197 1109 2234 14
1141 2198 1212 2235 Bo.
1236 2197 1402 2234 Erasmus
1423 2199 1458 2234 in
1481 2198 1639 2248 Adagiis.

125 2254 225 2292 vind.
257 2254 397 2302 Olymp.
431 2254 475 2299 1,
501 2253 579 2289 112
608 2247 671 2289 ἐπ’
701 2244 851 2290 ἄλλοισι
883 2247 919 2288 δ’
950 2245 1062 2289 ἄλλοι
1089 2247 1249 2302 μεγάλοι
1377 2255 1426 2290 15
1462 2253 1519 2291 Ps.
1541 2255 1640 2292 Caee.

125 2310 220 2348 Ball).
243 2310 337 2347 Mon.
363 2311 401 2356 1,
427 2310 488 2347 16.
513 2309 622 2347 Paris.
645 2310 699 2347 60
814 2310 865 2347 16
898 2311 952 2346 Gr
973 2309 1010 2347 2.
1031 2309 1130 2347 Caco.
1158 2310 1250 2347 ssalh.
1274 2310 1366 2347 Mon.
1394 2311 1458 2358 15,
1484 2311 1533 2347 19

127 2367 175 2408 17
209 2367 271 2404 Ps.
294 2366 470 2414 Porphyr.
491 2365 532 2402 ad
555 2365 642 2403 Hor.
665 2366 780 2402 Serm.
803 2367 822 2403 1
837 2395 847 2413 ,
867 2366 906 2413 3,
929 2366 994 2404 29.
1037 2366 1230 2415 Suu-ingar,
1254 2367 1338 2403 hist.
1359 2367 1437 2403 crit.
1461 2367 1576 2404 schol.
1601 2367 1641 2414 3,

124 2423 191 2469 20,
213 2422 447 2460 Schenkelius
468 2422 646 2471 philologi
669 2422 738 2459 vol.
754 2422 913 2468 21‚545
1009 2423 1059 2460 18
1082 2424 1147 2459 Gr.
1165 2422 1264 2459 Caec.
1286 2422 1379 2459 Balb.
1399 2422 1491 2459 Mon.
1509 2423 1573 2470 15,
1589 2424 1638 2460 19

189 2479 238 2516 19
262 2479 324 2515 Ps.
402 2478 455 2516 20
473 2479 538 2515 Ps.
557 2478 640 2515 Sen.
659 2479 763 2527 epist.
779 2479 846 2525 35,
859 2479 878 2514 1
965 2478 1015 2515 21
1041 2479 1095 2515 Gr
1116 2478 1152 2515 2.
1171 2478 1270 2515 Caec.
1290 2478 1384 2515 Bulb.
1400 2478 1496 2515 Mon.
1511 2479 1575 2521 15,
1589 2479 1639 2517 18

235 2534 286 2572 22
319 2535 363 2570 Ε.
385 2533 429 2570 (le
450 2545 540 2571 mor.
562 2534 611 2571 5l
721 2535 772 2572 23
806 2534 868 2571 Ps.
890 2534 989 2571 Caes.
1013 2534 1107 2571 Balb.
1132 2534 1224 2571 Mon.
1251 2535 1314 2581 15,
1339 2535 1389 2571 16
1487 2534 1539 2570 24
1570 2535 1637 2572 Ps.

124 2593 208 2629 Son.
233 2592 337 2640 epist.
361 2590 435 2636 99,
458 2591 482 2627 3
594 2590 646 2627 25
676 2591 745 2627 Ρε.
762 2590 845 2627 Sen.
875 2590 919 2627 ‹le
947 2590 1063 2627 henes.
1087 2590 1132 2636 6,
1155 2591 1229 2637 29,
1253 2590 1288 2627 2.
1328 2591 1468 2627 Amicis
1488 2601 1530 2627 eo
1551 2592 1640 2628 dees

121 2650 254 2696 maqis,
276 2659 350 2695 quo
372 2647 464 2683 nihil
483 2648 614 2692 habes,
635 2647 738 2683 aliter
815 2647 867 2683 26
900 2647 960 2683 Ps.
983 2646 1064 2683 Sen.
1087 2657 1144 2695 ep.
1167 2646 1234 2693 47,
1256 2646 1305 2683 18
1379 2645 1430 2682 27
1463 2646 1533 2683 Βο.
1552 2646 1635 2684 Seu.

124 2715 181 2752 ep.
210 2704 301 2750 115,
315 2702 366 2740 14
463 2703 515 2739 28
539 2703 852 2751 Ps.Sen.'l'hyest.
865 2701 945 2739 452
1044 2702 1095 2739 29
1118 2703 1166 2740 R.
1179 2702 1258 2738 Sen.
1271 2702 1315 2739 de
1332 2703 1380 2738 ira
1395 2701 1559 2748 2,35‚2.

123 2758 179 2797 30
196 2760 262 2797 Ρε.
282 2759 363 2796 Sen.
382 2759 426 2796 «lo
443 2760 493 2795 ira
512 2759 628 2806 2,12,
641 2758 666 2795 4
769 2759 820 2795 31
854 2760 918 2796 Gr.
934 2770 977 2794 cx
997 2758 1077 2796 cod.
1093 2758 1166 2795 Pal.
1197 2759 1279 2794 Son.
1298 2758 1342 2795 de
1361 2757 1412 2794 br.
1432 2759 1521 2794 vitae
1534 2758 1572 2805 7,
1586 2759 1638 2798 10

226 2815 278 2853 32
310 2816 380 2854 Βο.
401 2815 535 2851 Erasm.
560 2814 670 2864 Adag.
694 2815 733 2862 3,
759 2815 794 2862 1,
817 2815 869 2852 85
891 2826 933 2850 ex
955 2814 1068 2852 schol.
1091 2814 1241 2852 Theocr.
1292 2810 1424 2860 Δρυὸς
1445 2809 1637 2863 πεσούσης

122 2867 200 2915 πᾶς
217 2861 320 2920 ἀνὴρ
340 2866 541 2916 §uaedam
646 2871 698 2908 33
730 2872 777 2908 Ε.
799 2871 845 2907 De
866 2882 955 2907 mor.
980 2870 1058 2908 138
1165 2870 1217 2907 34
1250 2869 1313 2907 PS.
1335 2870 1418 2907 Seu.
1441 2881 1496 2918 ep.
1522 2870 1588 2918 29,
1610 2871 1634 2909 3

235 2926 287 2964 35
318 2927 390 2968 Bo.
412 2927 494 2964 Seu.
515 2927 560 2965 de
580 2927 683 2964 clem.
708 2928 743 2973 1,
766 2926 833 2973 22,
855 2927 879 2963 2
995 2926 1047 2964 36
1080 2927 1142 2964 Ps.
1165 2926 1245 2963 Son.
1268 2927 1374 2975 epist.
1394 2925 1461 2974 94,
1482 2926 1535 2964 43
