1956 3308
331 246 384 286 92
743 253 942 284 romanu
974 254 1075 285 srm
1107 251 1405 284 senmurum.

439 354 512 397 Nil
541 355 677 409 magis
706 359 819 394 amat
849 352 1075 409 cupiditas,
1107 365 1234 408 quam
1263 350 1375 407 quod
1405 365 1489 393 non
1519 350 1631 392 licet.

439 422 534 462 Nisi
566 420 755 461 vindices
786 418 955 472 delicta,
987 417 1306 473 improbitatem
1333 417 1547 477 adiuves.-

329 494 407 529 395
440 486 556 528 Nulli
586 484 753 527 facilius
785 498 911 540 quam
940 482 1050 526 malo
1081 483 1276 524 invenias
1306 497 1465 540 parem.

440 552 513 594 Nil
542 567 626 593 non
655 550 855 592 acmbum
885 552 1000 606 prius
1032 564 1158 606 quam
1187 555 1396 591 maturum
1426 549 1522 590 fuit.

438 619 599 660 Nocere
629 631 755 673 posse
786 623 827 658 ct
857 615 968 658 nolle
997 616 1088 657 laus
1118 615 1380 692 amplissima
1410 621 1487 682 cst.

437 685 532 726 Non
562 683 761 736 vincitur,
793 682 870 724 sed
899 683 1034 724 vincit
1063 682 1136 738 qui
1165 681 1280 723 cedit
1308 682 1410 723 suis.

437 751 678 792 Necessitas
709 749 782 791 dat
811 748 963 804 legem,
993 763 1078 790 non
1108 750 1201 804 ipsa
1228 749 1398 805 accipit.

326 823 406 860 400
436 818 590 859 Nescio
621 815 724 872 quid
754 816 903 871 agitat,
935 830 1029 857 cum
1059 814 1217 857 bonum
1247 814 1438 856 imitatur
1466 814 1617 857 malus.

435 882 564 925 Nulla
592 882 755 924 homini
783 883 918 923 maior
947 896 1083 938 poena
1112 886 1176 922 est
1206 895 1333 937 quam
1362 880 1607 923 infelicitas.

435 950 532 990 Non
560 949 682 990 novit
711 950 850 990 virtus
881 947 1115 990 calamitati
1146 947 1309 988 cedere.

435 1016 679 1057 Necessitas
709 1014 763 1056 ab
794 1014 964 1057 homine
994 1029 1101 1070 quae
1131 1013 1226 1055 vult
1254 1014 1468 1071 impetrat.

436 1081 695 1124 Necessitati
725 1080 947 1137 quodlibet
975 1080 1107 1123 telum
1136 1079 1241 1122 utile
1269 1086 1347 1122 est.

327 1153 407 1191 405
437 1149 600 1190 Nocere
630 1161 752 1188 casus
781 1162 867 1189 non
897 1147 1005 1190 solet
1034 1147 1313 1189 constantiae.

434 1215 530 1256 Non
559 1220 657 1270 pote
686 1228 772 1256 non
802 1229 965 1271 sapere,
997 1214 1071 1270 qui
1100 1227 1146 1255 se
1175 1213 1352 1256 stultum
1381 1213 1606 1270 intellegit.

434 1281 678 1323 Necessitas
710 1287 905 1336 egentem
933 1279 1180 1322 mendacem
1210 1275 1327 1322 facit.

435 1348 531 1390 Non
559 1346 686 1388 facile
715 1346 831 1388 solus
863 1361 1021 1400 serves,
1053 1346 1167 1403 quod
1196 1346 1344 1388 multis
1373 1346 1526 1404 placet.
1589 1350 1593 1353 '

435 1414 678 1455 Necessitas
708 1413 821 1469 quod.
850 1414 1003 1469 poscit,
1033 1415 1118 1455 nisi
1148 1413 1236 1467 deS,
1269 1414 1409 1469 eripit.

326 1486 408 1523 410
437 1481 603 1522 Nocens
632 1487 844 1537 precatur,
875 1482 1076 1522 innocens
1106 1481 1319 1522 irascitur.

434 1548 524 1589 Nec
551 1549 643 1590 vita
671 1562 749 1589 nec
780 1547 951 1590 fortuna
980 1547 1224 1590 hominibus
1254 1561 1406 1604 perpes
1437 1554 1514 1590 est.

327 1719 499 1746 comens
522 1720 552 1744 v.
575 1707 815 1746 387—435:
835 1708 872 1744 F
888 1707 950 1755 (T)

442 1797 521 1834 393
550 1797 600 1834 nil
619 1798 788 1845 Inqolst..·
807 1797 893 1833 nihil
914 1797 951 1833 F
1061 1806 1163 1843 quam
1183 1795 1218 1831 id
1239 1796 1333 1844 quod
1356 1796 1477 1833 Bothe
1597 1796 1677 1834 394
1708 1797 1764 1845 Cf.
1786 1810 1819 1835 v.

326 1852 416 1889 535.
439 1852 530 1890 592.
572 1853 799 1889 Pseudosen.
827 1854 873 1889 de
893 1852 984 1889 mor‘.
1009 1851 1086 1887 114
1235 1851 1314 1888 395
1345 1849 1367 1873 ²¹²
1388 1853 1561 1888 invenias:
1591 1853 1746 1889 invenies
1766 1853 1820 1894 F,-

325 1907 376 1954 cf.
397 1919 457 1956 pq.
481 1908 534 1945 60
646 1908 725 1945 396
757 1908 804 1955 nil
825 1908 993 1956 Inqolst..·
1013 1906 1099 1943 nihil
1121 1906 1156 1942 F
1246 1906 1314 1943 suit
1335 1908 1493 1944 Gruter.-
1523 1906 1562 1944 fit
1582 1909 1619 1944 F
1634 1908 1722 1954 (non
1743 1907 1818 1956 sit),

324 1964 392 1999 siet
412 1964 567 2011 Inqolst.
611 1963 668 2011 Cf.
683 1975 748 2011 pq.
771 1963 822 2000 58
937 1963 1015 1999 397
1047 1964 1185 1999 Auson.
1220 1963 1292 1999 VII
1312 1962 1480 2010 Sapient.
1501 1968 1594 2000 senc.
1618 1964 1714 2000 Bias
1734 1964 1771 2001 6.
1794 1964 1818 2001 7

325 2018 441 2062 ‘Quod
471 2019 655 2066 prudentis
682 2019 796 2067 opus?
826 2030 905 2055 cum
933 2018 1049 2067 possis
1071 2018 1166 2054 nolle
1186 2029 1325 2054 nocere.
1384 2018 1473 2063 Quid
1493 2019 1594 2055 stulti
1613 2015 1818 2067 proprium?

324 2085 394 2109 non
428 2085 535 2122 posse
564 2080 601 2111 et
627 2074 716 2111 velle
744 2075 900 2111 nocet-e.'
963 2073 1100 2110 Caeci-I
1134 2074 1245 2110 Balb.
1272 2085 1333 2122 pq.
1361 2073 1411 2110 21
1441 2079 1477 2111 et
1504 2074 1555 2111 38
1589 2071 1704 2111 Plato
1731 2073 1819 2111 dixit

325 2130 540 2178 triumphum
568 2130 790 2166 innocentiae
817 2129 934 2166 solum
961 2140 1040 2165 esse
1069 2140 1140 2165 non
1168 2139 1312 2190 peccare
1333 2128 1391 2166 ubi
1418 2129 1522 2166 liceat
1545 2130 1681 2191 posse?
1738 2130 1818 2168 Me-

323 2187 438 2221 nand.
460 2185 618 2222 Monost.
641 2186 719 2222 638
740 2177 842 2246 ἀνὴρ
864 2181 1016 2229 δίκαιός
1044 2178 1147 2220 ἔστιν
1167 2195 1238 2231 ουχ
1266 2175 1286 2219 ὃ
1313 2176 1367 2232 μὴ
1394 2177 1565 2231 ἀδικῶν,
1597 2176 1684 2220 ἄλλ’
1713 2176 1818 2229 όστις

322 2234 474 2276 αδικεῑν
503 2234 717 2288 δυνάμενος
743 2232 795 2289 μή
821 2235 1002 2290 βούλεται
1113 2240 1324 2288 amplissima
1351 2245 1406 2276 est
1433 2241 1606 2288 Inqolsta
1635 2246 1690 2276 est
1716 2251 1747 2277 a.
1770 2240 1817 2286 F,

323 2296 461 2332 laudeni
483 2295 549 2331 sihi
569 2301 752 2344 praeparat
771 2297 975 2344 ampliorem
1001 2296 1033 2331 T
1147 2295 1226 2332 398
1258 2295 1439 2342 Calpurn.
1462 2296 1630 2333 Flaccus
1648 2297 1742 2333 decl.
1765 2296 1814 2332 21

323 2351 424 2387 ‘cede
445 2351 559 2397 fratri,
580 2351 665 2388 cede
685 2351 739 2387 vel
760 2353 861 2399 patri.
902 2352 1014 2388 victor
1034 2352 1119 2398 eris,
1141 2351 1169 2386 si
1190 2351 1368 2388 cesseris?
1512 2351 1606 2388 cedit
1624 2351 1697 2388 suis
1720 2351 1815 2388 Gru-

323 2412 400 2443 ter.-
430 2419 459 2443 s,
478 2418 508 2443 e.
531 2408 568 2443 F
675 2406 757 2445 400
786 2408 895 2456 agitat
923 2407 1062 2444 Bothe.-
1092 2408 1227 2455 cogitat
1246 2406 1300 2448 F,·
1329 2407 1382 2454 cf.
1405 2419 1436 2444 v.
1463 2407 1513 2444 61
1622 2406 1720 2482 ι’401
1752 2406 1817 2443 ho-

324 2496 406 2531 mini
427 2498 582 2542 reposui
600 2506 651 2533 ex
675 2495 708 2531 T
723 2495 818 2532 nulla
845 2501 900 2532 est
928 2497 1038 2532 maior
1058 2496 1190 2532 homini
1210 2506 1322 2543 poena
1343 2506 1446 2543 quam
1467 2496 1661 2532 necessitas
1679 2495 1814 2542 inopia:

323 2551 502 2587 hominum
524 2552 571 2597 F,
593 2553 756 2588 editores
867 2551 947 2589 403
979 2551 1036 2598 Cf.
1058 2563 1089 2588 v.
1111 2551 1204 2587 399.
1226 2550 1317 2588 419.
1341 2550 1422 2588 428
1535 2549 1615 2588 406
1645 2555 1730 2598 pote
1749 2549 1812 2586 In-

320 2608 440 2654 qolst.:
460 2612 579 2654 potest
600 2608 636 2642 F
743 2606 823 2645 407
855 2607 911 2654 Cf.
935 2619 966 2643 v.
993 2606 1069 2643 147
1196 2606 1276 2644 408
1308 2606 1366 2653 Cf.
1389 2618 1420 2644 v.
1441 2605 1520 2643 326
1542 2610 1577 2642 et
1596 2605 1754 2642 Hieron.
1775 2605 1813 2640 in

322 2664 509 2698 Jom'nian.
539 2663 598 2698 lib.
621 2663 646 2699 I
669 2663 736 2699 sub
755 2664 821 2710 fin.
849 2660 1013 2699 ‘Difficile
1039 2661 1260 2708 custoditur,
1290 2661 1385 2710 quod
1412 2661 1532 2709 plures
1559 2660 1703 2696 amant!

323 2729 441 2753 serves
467 2717 565 2754 solus
593 2719 713 2754 Bothe
834 2717 914 2755 409
945 2715 967 2740 *
989 2719 1054 2754 nisi
1082 2717 1162 2754 des:
1193 2717 1259 2753 n'isi
1287 2717 1426 2753 dederis
1445 2716 1491 2760 F,
1522 2715 1556 2751 ni
1584 2714 1723 2751 dederis
1750 2714 1813 2751 In-

321 2775 428 2820 qolsl.
453 2774 517 2809 nisi
546 2773 607 2809 das
630 2774 789 2815 Gruter;
817 2774 868 2821 cf.
889 2785 950 2821 pq.
973 2774 1027 2811 50
1156 2772 1238 2811 410
1267 2772 1324 2819 Cf.
1346 2784 1375 2809 v.
1397 2770 1476 2808 312
1607 2769 1685 2806 411
1718 2770 1812 2806 honi.

323 2839 449 2876 perpes
477 2834 531 2864 est
561 2829 720 2865 Gruter.-
750 2834 919 2877 perpetua
948 2833 1004 2864 est
1032 2829 1066 2864 h.
1088 2828 1142 2869 F;
1170 2838 1234 2864 nec
1262 2828 1331 2863 vita
1359 2825 1558 2862 hominibus
1587 2836 1651 2862 nec
1672 2826 1814 2861 fortuna

322 2893 448 2931 perpes
475 2888 530 2919 est
549 2884 790 2921 Frohzichius
