1956 3308
1580 189 1589 194 ³
1635 191 1654 203 S

388 200 437 239 10
952 220 1307 256 ruonEGOMENA.

383 309 540 353 liberae
584 318 835 359 acerrimum
880 328 1237 376 propugnatorem
1274 325 1498 368 Caesarem
1535 330 1783 386 offendisse,
1827 342 1874 375 ut

381 377 446 420 his
481 379 645 422 verbis:

607 453 746 498 Porro,
779 456 965 504 Quirites!
993 458 1199 498 libertatem
1222 463 1430 508 perdimus.

604 519 759 558 Necesse
789 525 839 559 est
867 524 1004 562 multos
1031 526 1178 570 timeat,
1209 540 1318 574 quem
1346 532 1455 569 mulli
1485 534 1624 571 limem.

378 591 487 631 unde
524 607 607 634 non
646 594 783 636 invito
814 596 995 638 Caesare
1025 598 1183 641 factum
1216 615 1327 655 esse,
1365 611 1412 645 ut
1442 606 1580 648 victus
1612 607 1866 665 discederet,

377 657 466 698 iure
503 659 743 714 suspiceris.
803 661 860 703 Et
897 678 1151 721 quamquam
1188 668 1407 710 infamiam
1450 686 1644 717 scaenam
1682 676 1865 730 ingressi

374 723 485 764 dono
521 723 693 778 lenivit,
732 728 846 783 quod
884 743 1057 773 censum
1087 741 1327 789 equestrem
1358 736 1425 777 vel
1456 748 1694 795 superaret,
1733 742 1868 785 altera

373 796 515 831 tamen
557 792 720 834 macula
762 796 1046 852 principatus,
1091 814 1214 854 quem
1251 802 1461 844 Laberius
1505 806 1617 848 inter
1652 811 1866 852 scaenicos

371 864 517 911 poetas
556 858 818 914 obtinuerat,
857 861 1100 905 labefactati
1139 867 1372 910 re'mansit.'
1414 870 1610 928 Denique
1648 889 1772 930 quam
1802 876 1863 918 di·

371 937 495 963 versa
534 924 662 966 fuerit
697 925 871 968 Laberii
911 937 951 970 ct
989 930 1163 972 Publilii
1201 933 1386 989 indoles,
1433 952 1487 979 ex
1526 939 1598 981 illo
1635 944 1865 984 certamine

370 988 526 1030 elucet:
548 991 779 1034 Laberium
799 994 954 1036 litteris
977 995 1109 1055 fuisse
1130 1006 1275 1041 natum
1299 1002 1505 1057 videmus,
1525 1007 1861 1055 scaenaePubli-

369 1054 492 1110 lium3
524 1056 657 1110 illum,
690 1059 734 1099 in
765 1061 907 1102 verbis
938 1063 1148 1106 novandis
1168 1066 1498 1111 audacissimum
1518 1072 1698 1129 ideoque
1717 1090 1742 1115 a
1764 1075 1861 1118 Gel-

366 1120 434 1162 liis
466 1128 507 1163 et
528 1122 679 1166 Noniis
711 1128 957 1182 saepissime
988 1131 1178 1184 citatum,
1211 1134 1360 1176 mimos
1391 1150 1487 1178 suos
1519 1139 1563 1179 in
1594 1140 1749 1195 vulgus
1774 1141 1859 1183 edi-

366 1187 481 1229 disse
510 1190 680 1243 scimus,
712 1191 823 1246 huic,
857 1210 910 1235 ex
942 1195 1069 1251 Syria
1097 1197 1292 1252 advecto,
1325 1203 1404 1256 cui
1423 1217 1559 1246 sermo
1589 1204 1747 1248 latinus
1777 1223 1861 1250 non
1897 1241 1902 1244 -

365 1261 477 1296 esset
515 1258 678 1311 patrius
717 1265 757 1300 et
786 1262 978 1315 nativus,
1017 1262 1093 1304 sed
1122 1268 1495 1319 grammaticorum
1526 1275 1765 1329 praeceptis
1796 1275 1859 1316 in-

364 1320 629 1376 culcatus*),
668 1325 775 1366 nihil
811 1326 929 1369 aliud
964 1329 1097 1371 fuisse
1126 1334 1389 1388 propositum
1419 1336 1693 1391 crediderim,
1734 1355 1857 1396 quam

362 1394 422 1440 ut,
454 1402 549 1429 cum
579 1391 671 1445 ipse
691 1392 964 1437 archimimus
986 1403 1112 1450 esset,
1143 1397 1310 1441 fabulas
1331 1403 1621 1457 spectantibus
1642 1406 1857 1461 probaret.

361 1453 511 1510 Itaque
548 1455 707 1497 factum
746 1465 830 1512 est,
868 1467 915 1502 ut
953 1465 1167 1517 pertenuis
1199 1466 1289 1507 eius
1319 1468 1541 1510 mimorum
1571 1474 1774 1514 memoria
1802 1474 1856 1515 ad

360 1527 550 1575 posteros
571 1532 890 1579 propagaretur.
941 1528 1121 1571 Caesare
1141 1531 1316 1574 Publilii
1338 1533 1502 1576 fautore
1522 1536 1666 1579 idibus
1687 1539 1855 1582 Martiis

358 1588 459 1627 anni
489 1589 806 1644 quadragesimi
837 1596 977 1649 quarti
998 1596 1231 1640 -interfecto
1262 1607 1430 1655 poetam
1460 1602 1620 1644 Romae
1650 1607 1855 1648 mansisse

358 1659 399 1694 et
437 1654 609 1696 ineunte
646 1660 971 1719 mense‘Aprili
1018 1663 1167 1705 mimos
1204 1665 1249 1706 in
1286 1666 1451 1709 theatro
1497 1671 1636 1723 egisse
1676 1672 1888 1715 tradidit,

358 1719 507 1761 Cicero
545 1722 590 1762 in
628 1724 752 1778 epist.
783 1725 838 1765 ad
868 1727 999 1769 Attic.
1036 1729 1105 1783 14,
1137 1735 1161 1774 2
1199 1746 1247 1772 ex
1274 1735 1418 1786 priore
1454 1737 1621 1788 epistola
1650 1738 1853 1787 theatrum

358 1785 665 1841 Publiliumque
696 1790 776 1844 (sic
806 1799 920 1834 recte
940 1795 1128 1836 restituit
1148 1796 1343 1840 Baiterus
1366 1814 1419 1840 ex
1442 1801 1653 1858 Mediceo)
1674 1808 1850 1857 coynovi,

355 1853 462 1893 bona
490 1855 612 1906 siqua
641 1860 924 1901 consentientis
953 1862 1239 1914 multitudinis,
1271 1865 1329 1906 ita
1357 1873 1403 1907 ut
1424 1867 1633 1910 Publilius
1653 1870 1847 1913 ardorem

353 1919 499 1974 populi
537 1920 747 1964 libertatis
785 1927 1099 1982 recuperandae
1136 1930 1280 1986 cupidi
1318 1940 1486 1975 secutus
1517 1949 1608 1976 esse
1638 1937 1847 1980 videatur.

353 1985 462 2025 Cum
501 1992 644 2028 autem
675 1989 879 2032 Laberius
912 1992 1075 2035 decimo
1106 2010 1250 2038 mense
1278 2005 1375 2053 post
1405 1999 1628 2042 Caesarem
1661 2003 1848 2046 Puteolis

352 2058 464 2092 esset
501 2060 714 2107 mortuus,
755 2056 967 2100 Publilius
1005 2061 1164 2103 Romae
1201 2078 1397 2105 scaenam
1436 2068 1592 2122 tenuit,
1631 2070 1750 2111 cuius
1785 2073 1846 2114 rei

349 2124 498 2158 auctor
529 2126 591 2159 est
613 2119 903 2179 Hieronymus
925 2126 969 2166 in
991 2126 1201 2170 Chronico
1230 2130 1285 2171 ad
1305 2145 1343 2171 a.
1367 2132 1442 2173 711
1467 2148 1508 2173 u.
1532 2148 1582 2187 c.,
1614 2134 1682 2176 vel
1703 2137 1845 2192 potius

351 2183 578 2226 Suetonius
617 2201 686 2242 pg.
718 2188 820 2243 295,
852 2192 907 2232 22
937 2192 1002 2233 ed.
1034 2194 1195 2236 Rothii.
1257 2196 1440 2248 Quando
1480 2200 1612 2241 vitam
1642 2202 1843 2257 finiverit,

349 2264 432 2290 non
464 2258 643 2293 constat.
1111 2294 1121 2302 ,

458 2316 677 2372 Insignem
721 2320 890 2364 laudem
932 2324 1113 2381 adeptus
1159 2334 1222 2369 est
1263 2329 1473 2373 Publilius
1515 2332 1717 2377 brevibus
1755 2335 1839 2378 illis

347 2385 658 2438 sententiis,
698 2387 929 2431 moralibus
968 2399 1009 2432 et
1046 2392 1394 2450 philosophorum
1424 2400 1662 2455 praeceptis
1693 2400 1850 2449 simili-.

347 2448 438 2500 bus,
470 2451 607 2491 acutis
639 2451 890 2510 lepidisquc,
921 2472 1026 2513 quas
1058 2465 1103 2500 ut
1123 2468 1470 2515 argumentorum
1491 2463 1710 2508 lasciviam
1736 2467 1836 2510 mol-

433 2574 467 2614 *)
494 2575 533 2606 In
558 2575 742 2608 mimorum
773 2558 932 2621 pfologis
959 2592 1001 2613 ac
1027 2582 1183 2626 dialogis
1206 2585 1400 2619 Laberium
1426 2588 1588 2622 imitatus
1611 2590 1723 2623 verba
1746 2600 1837 2623 eom·
1882 2590 1911 2622 Σ
1938 2581 1956 2614 ⁴*ss

345 2630 462 2668 posita
486 2629 546 2661 hic
570 2630 648 2663 illic
672 2632 805 2673 primus
830 2634 974 2668 finxisse
999 2637 1158 2684 videtur,
1183 2651 1237 2672 ex.
1261 2652 1313 2683 gr.
1324 2641 1610 2686 pietaticultrix,
1634 2643 1836 2687 macilipex,

343 2683 405 2714 sed
438 2685 472 2715 in
505 2686 695 2719 sententiis
726 2698 813 2729 puro
846 2700 883 2722 se
916 2695 1069 2725 sermoni
1101 2694 1322 2737 adplicabat.
1370 2697 1424 2730 cf.
1453 2699 1560 2731 etiam
1590 2699 1729 2732 Plinius
1758 2704 1832 2735 nst.

342 2738 423 2769 hist.
442 2741 472 2778 Β,
500 2741 616 2779 §209:
643 2739 802 2775 Publilii
817 2743 1005 2778 mimorum.
1024 2750 1152 2789 poetae
1175 2759 1274 2791 cena,
1293 2753 1484 2794 postquam
1506 2752 1708 2787 senatuum
1731 2764 1833 2788 cm·

342 2795 418 2832 rae,
447 2793 547 2826 nullu
575 2799 790 2830 „minoratur
813 2798 891 2833 siue
915 2800 1121 2843 abdomine,
1151 2804 1256 2837 etiam
1283 2805 1451 2839 vocabula
1473 2807 1627 2841 munima
1649 2807 1694 2841 ab
1718 2818 1756 2843 co
1779 2809 1833 2843 in-

335 2846 462 2888 posito.

1942 1749 1956 2129 xffimmlssffllss>.m„ffl.2ss...
1947 1701 1956 1738 ..ιν
1940 1635 1956 1679 -ἈΛ
1954 1572 1956 1574 .
1954 1555 1956 1557 .
1952 1494 1956 1496 ,
1952 1434 1956 1435 ,
