1956 3308
308 208 389 250 150
657 213 834 245 SEPTEM
867 209 1126 242 SAPIENTUM
1160 204 1461 237 SENTENTIAE.

415 317 603 358 Demens
635 311 831 369 superbis
862 308 1029 351 invidet
1059 305 1272 348 felicibus.

417 383 606 424 Demens
638 378 828 422 dolorem
856 376 969 416 ridet
999 373 1251 415 infelicium.

418 450 571 490 Pareto
602 446 701 500 legi,
734 444 912 500 quisque
942 440 1081 496 legem
1111 437 1318 480 sanxeris.

420 514 568 556 Plures
599 513 757 553 amicos
786 524 832 550 re
863 507 1050 549 secunda
1079 517 1312 561 comparas.

423 581 587 622 Paucos
617 579 776 619 amicos
806 575 934 616 rebus
964 572 1160 614 adversis
1191 569 1363 627 probas.

773 752 816 795 3.
861 749 1113 795 Cleobulus
1141 745 1354 789 Lindius.

424 857 596 909 Quanto
627 853 721 910 plus
754 853 894 904 liceat,
925 856 1012 892 tam
1042 848 1175 890 libeat
1204 846 1361 886 minus.

424 924 640 965 Fortunae
669 919 861 962 invidiae
893 923 958 958 est
987 915 1210 957 inmeritus
1241 912 1383 952 miser.

425 989 552 1030 Felix
582 985 832 1028 criminibus
864 998 950 1026 non
981 982 1061 1023 erit
1091 970 1171 1022 hoc
1201 979 1290 1020 diu.

425 1057 630 1111 Ignoscas
662 1052 759 1093 aliis
788 1049 938 1103 multa,
969 1047 1078 1089 nihil
1106 1046 1203 1088 tibi.

426 1122 569 1164 Parcit
599 1120 778 1176 quisque
805 1116 943 1169 malis,
974 1114 1153 1171 perdere
1183 1110 1277 1153 vult
1306 1110 1455 1152 bonos,

426 1188 638 1230 Malorum
667 1185 833 1226 meritis
863 1182 1002 1238 gloria
1030 1195 1116 1222 non
1146 1179 1286 1220 datur.

428 1255 584 1311 Turpis
616 1266 741 1308 saepe
772 1251 898 1291 datur
929 1248 1044 1289 fama
1074 1244 1323 1288 minoribus.

734 1429 778 1471 4.
823 1425 1085 1469 Periander
1117 1421 1411 1467 Corinthius.

433 1533 677 1587 Numquam
706 1527 920 1583 discrepat
949 1523 1055 1566 utile
1085 1523 1139 1565 ab
1170 1522 1336 1563 decoro.

435 1597 536 1639 Plus
569 1603 633 1637 est
662 1594 870 1636 sollicitus
901 1591 1038 1646 magis
1068 1590 1234 1631 beatus.

434 1664 618 1706 Mortem
649 1668 796 1717 opssare
825 1659 999 1712 malum,
1030 1658 1182 1699 timere
1210 1655 1349 1711 peius.

437 1731 586 1782 Fame,
617 1734 665 1770 ut
694 1725 986 1782 libeatsquod
1017 1730 1080 1766 est
1109 1736 1298 1764 necesse.

440 1797 590 1840 Multis
620 1794 827 1836 terribilis
858 1794 1006 1834 timeto
1036 1789 1208 1831 multos.

441 1865 488 1906 Si
517 1863 689 1904 fortuna
718 1862 852 1913 iuvat,
884 1864 1034 1900 caveto
1064 1855 1169 1898 tolli.

442 1931 488 1973 Si
518 1929 689 1971 fortuna
719 1933 851 1979 tonat,
884 1930 1034 1967 caveto
1064 1923 1214 1977 mergi.

329 2126 383 2162 los
412 2136 475 2173 per
503 2123 660 2171 quinque
687 2132 799 2157 annos
827 2119 1007 2156 silentium
1036 2115 1164 2152 habere
1191 2115 1346 2151 iusserit.
1407 2113 1568 2160 Pytkay.
1598 2122 1663 2157 ap.
1692 2108 1831 2146 Iambl.

331 2182 371 2227 2,
393 2181 442 2216 21
464 2174 636 2227 γλώσσης
663 2169 738 2224 πρὸ
767 2174 845 2211 τῶν
863 2167 991 2210 ἄλλων
1013 2164 1154 2221 κράτει.
1215 2171 1343 2214 Quare
1364 2170 1552 2205 Ausonius
1571 2166 1833 2213 Pythagoram

334 2249 418 2273 cum
444 2237 593 2272 Pittaco
623 2233 844 2279 confudisse
872 2232 1029 2267 videtur.
1176 2227 1222 2271 2,
1252 2225 1275 2262 5
1308 2220 1477 2273 quisquc]
1508 2225 1546 2259 id
1571 2226 1627 2258 est
1655 2221 1837 2268 quisquis,

333 2294 564 2340 quicunque,
594 2295 634 2326 ul
660 2288 770 2335 infra
793 2287 839 2333 3,
861 2285 899 2322 5.
959 2285 1043 2321 Cod.
1074 2283 1275 2319 Parisinus
1295 2279 1400 2318 4841
1432 2279 1561 2315 Solom‘
1587 2277 1736 2314 tribuit:
1765 2275 1836 2322 pati

336 2348 452 2395 legem
474 2357 576 2394 quam
597 2345 698 2381 alteri
721 2342 844 2378 tuleris
959 2339 1006 2385 2,
1029 2339 1052 2376 6
1083 2347 1264 2385 comparas
1286 2331 1384 2372 BM:
1404 2344 1587 2382 compares
1608 2333 1653 2378 Ρ,
1675 2340 1838 2378 compara

335 2402 401 2439 Ao
543 2401 587 2447 2,
618 2400 639 2436 7
673 2394 824 2447 paucos]
846 2397 967 2445 plures
992 2395 1020 2431 0
1159 2391 1287 2440 probas
1314 2390 1445 2427 PBM:
1473 2388 1582 2437 proba
1610 2387 1688 2433 Ao,
1708 2383 1837 2434 probes

337 2459 525 2494 Erasmus

449 2513 487 2558 3,
511 2513 531 2547 1
574 2511 684 2547 Walt.
710 2510 818 2545 Burl.
839 2518 869 2543 s.
892 2519 923 2543 v.
949 2506 1071 2543 Cleob.
1095 2502 1152 2548 (Ο.
1172 2515 1210 2551 p.
1230 2502 1326 2549 licet,
1348 2506 1446 2538 tanto
1467 2499 1491 2538 1.
1515 2499 1578 2536 m.’
1672 2496 1712 2542 3,
1733 2494 1757 2532 2
1788 2495 1839 2531 in-

339 2568 448 2604 vidiae
470 2568 523 2603 B.-
544 2565 670 2602 invidia
690 2565 765 2601 PM
897 2563 942 2607 3,
972 2561 995 2597 3
1026 2559 1146 2596 nullus
1168 2559 1236 2595 crit
1255 2558 1315 2594 diu
1336 2557 1401 2594 AO
1521 2555 1567 2600 3,
1595 2554 1619 2591 5
1650 2551 1764 2587 bonos
1786 2550 1839 2586 P:

338 2624 447 2660 malos
472 2624 518 2668 B,
540 2634 609 2658 om.
631 2621 675 2657 M
783 2618 934 2666 prodere
957 2618 1143 2652 Erasmus
1258 2613 1304 2660 3,
1334 2613 1358 2650 6
1389 2612 1499 2647 maior
1519 2608 1660 2645 virtutis
1680 2606 1723 2642 M

451 2678 497 2722 4,
529 2678 547 2713 1
582 2676 622 2712 ab
645 2675 738 2711 PM.-
760 2686 776 2710 a
801 2673 902 2710 ΒΑΟ
1026 2671 1072 2717 4,
1102 2670 1126 2706 4
1158 2670 1210 2705 sac
1230 2669 1323 2704 sicut
1343 2667 1384 2704 M
1509 2663 1556 2709 4,
1585 2663 1608 2699 5
1639 2662 1762 2698 timeto
1785 2661 1841 2696 B.-

338 2739 459 2771 caveto
481 2733 622 2769 PMAO
642 2734 863 2776 corruptum
883 2739 935 2765 ex
955 2740 986 2764 v.
1010 2737 1087 2774 seq.
1210 2723 1255 2770 4,
1284 2724 1308 2760 6
1338 2726 1460 2759 caveto
1481 2715 1578 2768 tolli]
1601 2717 1686 2754 nihil
1708 2716 1838 2753 laboris

340 2790 426 2834 PM,
452 2788 603 2824 multum
623 2787 755 2823 laboris
779 2787 812 2821 B
924 2783 964 2829 4,
987 2783 1008 2819 7
1041 2794 1109 2819 om.
1133 2782 1183 2821 P,
1213 2781 1244 2815 si
1265 2789 1337 2816 non
1356 2776 1496 2813 adiuvat
1517 2775 1586 2811 hoc
1607 2774 1722 2809 minus
1744 2771 1842 2808 labo-

343 2846 392 2881 ris
414 2845 493 2880 ΒΜ
