1956 3308
565 263 771 295 PUBLILII
803 263 904 294 sym
938 263 1243 294 SENTENTIAE.
1606 257 1660 298 69

167 371 221 411 50
249 367 327 409 Bis
356 366 491 408 emori
522 371 587 408 est
615 365 795 407 alterius
825 365 1008 408 arbitrio
1037 366 1160 407 mori.

156 438 157 442 ’
249 426 467 477 Beneficia
497 432 620 490 plura
649 434 815 490 recipit,
848 434 922 490 qui
952 435 1036 476 scit
1064 432 1261 475 reddere.

247 502 324 544 Bis
354 515 523 559 peccas,
555 515 651 543 cum
681 501 879 559 peccanti
910 501 1164 558 obsequium
1194 502 1509 545 accommodas.

247 569 395 612 Bonus
428 570 596 611 animus
627 567 769 611 laesus
799 569 978 625 gravius
1009 567 1143 611 multo
1173 569 1388 611 irascitur.

247 638 370 680 Bona
399 651 513 679 mors
545 643 610 678 est
638 636 817 691 homini,
849 637 967 679 vitae
997 651 1108 693 quae
1138 637 1357 693 extinguit
1386 637 1512 679 mala.

164 710 216 749 55
247 705 513 747 Beneficium
544 703 688 747 dando
717 705 899 761 accepit,
931 705 1004 761 qui
1035 704 1168 761 digno
1199 704 1333 746 dedit.

247 771 484 826 Blanditia,
516 787 603 815 non
633 773 827 830 imperio,
859 772 908 814 fit
939 771 1078 814 dulcis
1108 771 1273 814 Venus.

246 841 392 883 Bonus
423 841 592 883 animus
623 854 857 898 numquam
879 841 1041 882 erranti
1062 840 1317 897 obsequium
1337 841 1654 884 adcommodat.

245 908 511 950 Beneficium
541 909 615 965 qui
647 907 823 950 dedisse
854 923 900 950 se
929 907 1050 961 dicit,
1082 909 1204 965 petit.

245 975 447 1031 Benivoli
478 976 723 1019 coniunctio
753 976 887 1018 animi
917 976 1109 1017 maxima
1139 982 1205 1018 est
1235 976 1453 1032 cognatio.

163 1050 216 1088 6O
246 1043 512 1086 Beneficium
542 1058 671 1101 saepe
701 1043 805 1086 dare
835 1043 990 1086 docere
1021 1049 1086 1086 est
1114 1042 1310 1084 reddere.

245 1111 463 1154 Bonitatis
494 1111 629 1154 verba
658 1112 821 1154 imitari
850 1112 989 1154 maior
1018 1110 1184 1154 malitia
1215 1118 1293 1154 est.

246 1179 368 1223 Bona
397 1180 542 1237 opinio
573 1178 795 1222 hominum
824 1179 958 1222 tutior
987 1179 1169 1235 pecunia-
1199 1185 1274 1221 est.

10 770 55 843 ῖῖξξ

12 950 54 975 2*

133 1389 309 1416 CODICES
343 1389 374 1414 v.
396 1376 562 1414 44——78
595 1376 894 1423 PRBFVOEC)

246 1475 301 1517 50
331 1480 444 1516 emori
475 1483 531 1515 est
563 1479 878 1526 Bamberyensis,
915 1478 1142 1514 Fabricius.-
1182 1477 1275 1514 euim
1310 1479 1402 1514 mori
1430 1483 1485 1514 est
1512 1477 1658 1515 PRFE'

132 1537 340 1582 Erasmus,
373 1538 460 1573 item
482 1536 518 1572 B
543 1538 619 1572 nisi
643 1536 746 1583 quod
770 1546 848 1571 una
869 1536 999 1571 littera
1022 1538 1111 1570 anie
1132 1534 1223 1570 mori
1244 1544 1361 1570 erasa
1383 1538 1457 1580 est,
1489 1534 1577 1570 mori
1600 1539 1655 1571 est

143 1593 212 1639 VC,
237 1597 292 1630 est
313 1592 404 1628 mori
425 1592 559 1638 Bothe,
582 1592 816 1629 Rilsekelius
835 1591 965 1627 scheol.
987 1593 1071 1627 crit.
1096 1590 1147 1627 16
1168 1605 1224 1620 =
1245 1600 1375 1635 opusc.
1395 1591 1490 1637 phil.
1514 1589 1552 1635 2,
1571 1590 1652 1628 664

244 1647 316 1685 arb.
339 1649 452 1685 emori
474 1648 628 1685 Gruter.
671 1647 731 1695 Cf.
750 1659 813 1696 pq.
837 1647 889 1684 59
1017 1646 1067 1683 51
1100 1646 1226 1694 recipit
1248 1646 1362 1682 RBF
1373 1646 1526 1683 VECPa
1550 1643 1654 1683 corr.

132 1717 208 1744 sec.
230 1718 278 1742 m.
300 1705 435 1753 recepit
456 1705 502 1755 P,
528 1704 680 1753 plurima
701 1704 838 1752 accepit
870 1704 972 1741 Vino.
995 1704 1093 1739 Bell.
1115 1713 1171 1748 sp.
1195 1703 1232 1739 d.
1254 1701 1295 1749 4,
1317 1701 1369 1739 53
1485 1702 1538 1738 52
1571 1714 1655 1751 pec·

132 1763 228 1800 canti
257 1761 333 1798 BE
359 1761 589 1806 Beruensis,
621 1761 828 1797 Erasmus.-
858 1760 995 1808 peccati
1023 1759 1077 1805 P,
1111 1759 1267 1807 peccatis
1297 1759 1354 1804 R,
1382 1763 1529 1806 peccato
1551 1759 1657 1796 FVG

144 1820 249 1856 Vinc.
278 1818 379 1854 Bell.
408 1828 463 1865 sp.
493 1819 529 1855 d.
559 1817 605 1864 4,
630 1817 721 1854 106.
747 1817 839 1854 168.
863 1815 908 1863 5,
931 1815 967 1852 8.
1017 1815 1073 1862 Cf.
1098 1828 1127 1852 v.
1151 1814 1215 1851 57.
1241 1813 1334 1851 148.
1449 1814 1654 1851 commodas

134 1875 378 1923 Godofreclus
476 1873 527 1911 53
560 1879 596 1911 et
617 1878 696 1910 tres
716 1883 793 1921 seq.
816 1886 847 1910 v.
869 1874 1005 1909 desunt
1027 1874 1064 1908 in
1086 1872 1123 1908 B
1218 1872 1360 1919 gravius
1383 1870 1495 1907 multo
1517 1871 1657 1908 PREC

132 1933 344 1969 Erasmus.-
374 1930 488 1967 multo
517 1941 571 1979 gr.
603 1930 640 1966 F
650 1930 688 1975 V,
718 1929 854 1966 inultus
883 1940 938 1977 gr.
974 1927 1078 1965 Vinc.
1100 1928 1198 1964 Bell.
1229 1938 1286 1974 sp.
1317 1928 1351 1963 d.
1382 1930 1423 1974 4,
1448 1927 1540 1964 133.
1591 1926 1649 1974 Cf.

133 1988 271 2026 Caecil.
295 1987 407 2024 Balb.
430 1987 585 2024 Monac.
610 1985 675 2031 15,
700 1985 766 2032 15,
783 1998 845 2034 pq.
869 1985 921 2022 25
943 1983 996 2020 εΒ.
1018 1985 1151 2020 amicus
1174 1984 1290 2019 laesus
1311 1995 1346 2031 g.
1368 1983 1408 2020 i.'
1505 1983 1558 2021 54
1589 1983 1654 2021 ho-

133 2045 217 2082 mini
236 2043 345 2081 PRF
355 2044 386 2080 V
392 2060 401 2079 .·
432 2043 546 2080 omnis
575 2043 794 2083 Remmius,-
823 2041 854 2078 b.
886 2053 932 2078 m.
962 2046 1015 2077 est
1045 2051 1134 2088 quae
1164 2040 1269 2076 animi
1291 2051 1320 2076 e.
1342 2050 1386 2075 m.
1411 2039 1454 2085 0,
1485 2041 1655 2077 simililer

132 2102 240 2138 codd.
266 2100 425 2136 (ἔναιεν-ἰ
449 2104 485 2135 et
507 2099 691 2139 Bentleii;
719 2097 753 2134 b.
774 2099 807 2134 h.
831 2109 875 2134 m.
898 2103 954 2134 est
976 2097 1119 2133 Gruter
1240 2095 1291 2132 55
1325 2095 1469 2132 Gellius
1493 2096 1558 2140 17,
1583 2095 1647 2132 14.

133 2156 309 2194 Maon-ob.
331 2155 411 2192 Sal.
435 2154 474 2202 2,
497 2155 535 2201 7,
560 2155 623 2192 10.
730 2152 903 2191 Beneficia
925 2153 1105 2190 Pithoeus
1206 2152 1343 2200 accepit
1365 2151 1507 2188 Gellius
1529 2151 1652 2188 Macr.

147 2214 177 2250 V
204 2213 414 2249 Erasmus.-
444 2211 572 2260 accipit
600 2211 760 2256 PRFE,
792 2211 929 2258 accepit
958 2208 1074 2246 dando
1104 2209 1188 2246 Ioa.
1218 2207 1417 2245 Saresber.
1447 2208 1589 2245 Polior.
1612 2208 1652 2254 8,

135 2269 186 2306 14
301 2267 441 2305 dederit
481 2268 511 2305 V
623 2267 675 2305 56
708 2266 765 2315 Cf.
797 2266 876 2304 276
993 2265 1044 2302 57
1079 2264 1137 2312 Cf.
1170 2278 1201 2302 v.
1227 2263 1292 2300 52.
1408 2264 1540 2301 amicus
1570 2265 1651 2302 cod.

131 2326 426 2370 Panthaleonis‚
456 2323 490 2360 b.
511 2323 645 2360 amicus
675 2328 731 2360 est
758 2324 819 2372 qui
847 2334 882 2359 n.
906 2323 935 2360 C
1047 2321 1184 2357 errandi
1218 2321 1249 2357 V
1359 2320 1561 2357 commodat
1582 2321 1652 2358 Go-

131 2382 319 2430 dos'redus
461 2380 513 2417 58
543 2379 716 2417 Beneficia
736 2380 918 2417 Pithoeus
1060 2378 1120 2426 qui
1148 2377 1289 2413 dedisse
1317 2388 1356 2413 se
1378 2377 1427 2423 L,
1453 2377 1651 2415 Pithoeus.-

133 2450 171 2475 se
200 2439 234 2475 d.
265 2437 325 2486 qui
347 2437 554 2482 Erasmus,
587 2437 648 2485 qui
677 2447 716 2472 se
743 2435 777 2472 d.
818 2436 921 2473 Vino.
944 2436 1044 2472 Bell.
1075 2445 1133 2481 sp.
1161 2435 1195 2470 d.
1220 2432 1267 2478 4,
1290 2432 1356 2470 52.
1416 2433 1472 2481 Cf.
1496 2433 1584 2471 Sen.
1606 2435 1652 2471 de

132 2495 259 2542 benef.
289 2493 336 2540 2,
359 2493 433 2540 11,
456 2492 479 2529 2
520 2506 536 2513 ·“
605 2492 657 2530 59
689 2493 893 2530 convinctio
934 2493 962 2528 V
988 2497 1042 2527 est
1071 2501 1116 2526 m.
1146 2490 1318 2538 cogitatio
1341 2490 1386 2535 C,
1418 2490 1525 2526 animi
1554 2489 1588 2526 b.
1618 2501 1649 2526 c.

51 2596 53 2598 Ι
134 2562 260 2600 magna
288 2555 344 2586 cst
373 2561 402 2586 c.
436 2549 538 2586 Vinc.
562 2549 660 2586 Bell.
683 2559 738 2596 sp.
761 2550 796 2587 d.
819 2548 865 2595 5,
887 2548 962 2595 53,
983 2547 1083 2584 Coni.
1111 2557 1140 2582 a.
1163 2557 1207 2582 m.
1238 2550 1294 2583 est
1315 2556 1344 2581 e.
1375 2547 1433 2582 vel
1453 2545 1650 2582 Benevolus

132 2608 270 2646 animus
302 2617 347 2642 m.
379 2611 435 2642 est
463 2617 493 2642 c.
524 2606 733 2645 Erasmus.-
762 2609 801 2642 ut
829 2615 899 2642 nos
923 2606 1071 2651 primus
1102 2602 1347 2648 Godofredus
1374 2611 1425 2638 ecc
1454 2603 1534 2638 cod.
1564 2601 1651 2638 bibl.

133 2664 297 2701 Amandi
410 2662 464 2699 60
494 2667 548 2697 est
577 2660 658 2700 doc.
693 2661 733 2706 V,
774 2661 879 2698 Vinc.
911 2660 1006 2697 Bell.
1036 2670 1094 2705 sp.
1125 2660 1159 2695 d.
1191 2657 1238 2704 4,
1260 2657 1325 2695 46.
1443 2657 1492 2694 61
1527 2657 1584 2704 Cf.
1617 2669 1647 2694 υ.

133 2719 229 2757 368.
250 2718 334 2756 400
447 2717 540 2754 hona
574 2717 676 2754 Vino.
707 2717 805 2754 Bell.
833 2727 888 2763 sp.
910 2718 946 2753 d.
969 2715 1014 2762 4,
1041 2714 1116 2751 129
1232 2715 1370 2751 imitare
1390 2713 1466 2758 Pa,
1495 2713 1651 2750 inniitari

134 2775 240 2821 PbR,
261 2774 429 2811 inmutari
452 2774 493 2820 C,
515 2785 587 2810 non
609 2773 737 2810 imitari
759 2774 842 2809 cod.
863 2772 1043 2810 panthal.
1066 2772 1210 2807 mercari
1245 2771 1347 2807 Vinc.
1369 2779 1425 2815 sp.
1448 2770 1483 2805 d.
1506 2768 1546 2815 4,
1569 2768 1647 2806 129

247 2831 359 2867 maior
386 2842 455 2868 om.
479 2829 526 2872 G,-
556 2830 633 2866 mal.
665 2829 775 2866 maior
803 2834 858 2864 est
879 2828 916 2865 F
926 2828 964 2874 V,
996 2828 1106 2863 maior
1132 2831 1187 2862 est
1209 2838 1255 2862 ιιι.
1288 2826 1391 2863 Vino.
1410 2826 1436 2861 l.
1458 2836 1492 2862 c.
1517 2825 1649 2862 malitia

137 2892 192 2923 est
219 2886 392 2924 maiorum
419 2888 516 2923 idem
543 2897 601 2934 sp.
622 2887 658 2923 d.
683 2886 730 2931 5,
752 2884 804 2922 52
921 2883 972 2921 62
1006 2883 1062 2931 Cf.
1085 2895 1116 2920 v.
1139 2882 1204 2919 83.
1227 2882 1318 2919 217.
1340 2880 1421 2918 498
1537 2881 1649 2918 homi·

137 2952 220 2978 num
243 2941 305 2978 Lo
333 2942 437 2979 Vinc.
462 2942 558 2980 Bell.
579 2952 637 2989 sp.
659 2944 694 2981 d.
718 2941 756 2988 5,
779 2941 849 2978 67:
881 2940 1014 2978 homini
1036 2939 1225 2976 Erasmus
1338 2942 1392 2973 est
1414 2950 1483 2976 om.
1517 2939 1547 2975 V
