1956 3308
356 231 407 270 72
771 239 970 269 PUBhlml
1002 239 1102 270 sriu
1136 238 1435 270 ΒΕΝΤΕΝΉΛΕ.

465 340 601 381 Citius
635 340 751 380 venit
782 337 1000 394 periclum,
1033 352 1125 379 cuin
1157 338 1453 380 contemnitur.

466 407 594 448 Casta
622 405 676 445 ad
707 405 846 446 virum
874 410 1067 445 matrona
1096 403 1285 459 parendo
1315 404 1506 460 imperat.

466 473 562 514 Cito
594 471 824 525 ignominia
853 469 901 510 fit
931 468 1104 525 superbi
1133 468 1283 524 gloria.

384 545 434 579 95
466 536 655 580 Consilio
686 535 836 577 melius
867 535 1013 576 vineas
1043 549 1170 591 quam
1200 536 1432 578 iracundia.

466 605 612 646 Cuiuis
643 601 777 643 dolori
807 601 1042 643 remedium
1073 608 1136 643 est
1166 603 1384 658 patientia.

467 669 638 711 Cotidie
668 666 905 721 damnatur,
938 668 1010 724 qui
1041 682 1207 725 semper
1236 670 1370 712 timet.

469 739 576 779 Cum
607 736 715 776 vitia
744 740 936 791 prosunt,
967 739 1116 791 peccat
1146 736 1214 791 qui
1247 742 1362 778 recte
1390 736 1508 778 facit.

465 801 775 845 Contumeliztm
805 814 883 842 nec
912 801 1036 842 fortis
1067 801 1165 857 pote
1195 815 1273 843 nec
1301 803 1511 858 ingenuus
1542 805 1644 861 pati.

362 876 437 911 100
466 869 736 911 Conscientia
764 867 895 908 animi
926 866 1064 908 nullas
1094 869 1260 910 invenit
1288 868 1462 924 linguae
1492 884 1651 927 preces.

467 936 563 977 Cito
593 933 883 990 improborum
912 932 1024 975 laeta
1052 933 1107 974 ad
1137 935 1371 990 perniciem
1401 936 1571 978 cadunt.

467 1001 711 1056 (Contemni
743 1006 806 1041 est
835 1000 1012 1054 gravius
1043 1013 1170 1056 quam
1199 1000 1406 1044 stultitiae
1435 1005 1635 1058 percuti.)

467 1066 636 1110 Cotidie
667 1073 730 1108 est
759 1067 945 1108 deterior
973 1068 1182 1122 posterior
1211 1067 1315 1112 dies.

467 1134 617 1175 Comes
647 1132 857 1175 facundus
887 1133 931 1174 in
961 1133 1040 1174 via·
1062 1148 1139 1189 pro
1169 1133 1364 1178 vehiculo
1396 1142 1472 1178 est.

361 1206 435 1243 105
468 1201 638 1242 Crimen
668 1199 872 1255 relinquit
903 1200 1031 1252 vitae,
1063 1201 1135 1255 qui
1166 1207 1343 1243 mortem
1372 1203 1549 1259 appetit.

357 1359 530 1387 comeus
561 1361 593 1384 v.
615 1348 826 1384 85-105:
859 1348 1203 1396 PRBFV(TEO),
1236 1363 1264 1386 v.
1292 1352 1524 1388 107—122:
1555 1352 1737 1399 FV(TC)

358 1441 394 1477 g.
418 1434 442 1463 t.
465 1439 493 1466 r,
515 1426 571 1462 alii
601 1427 740 1462 inimico
768 1426 824 1462 alii
855 1427 890 1462 in
918 1427 1063 1474 gratiam
1084 1428 1139 1464 Pb
1255 1433 1332 1464 tuto
1356 1428 1535 1466 PaRBC:
1567 1429 1654 1465 tudo
1675 1430 1751 1474 Pb,
1779 1434 1854 1466 tutc

360 1484 434 1520 FV
452 1482 542 1528 (tute
563 1483 597 1517 in
617 1493 672 1529 gr.
707 1479 767 1530 V),
788 1482 860 1518 cito
883 1482 1089 1524 Erasmus;
1119 1484 1315 1531 ingratuitu
1335 1484 1528 1521 revertitur
1553 1485 1585 1521 T
1693 1484 1745 1522 92
1775 1495 1853 1522 eve·

358 1540 410 1575 nit
442 1538 659 1574 Vinc..Bell.
681 1548 736 1583 sp.
758 1538 791 1573 d.
814 1536 854 1582 4,
877 1536 927 1574 27
1013 1537 1183 1586 periclum
1206 1539 1301 1576 BV.-
1331 1539 1528 1587 periculum
1550 1540 1722 1577 PRFEC
1749 1541 1853 1577 Vino.
1946 1546 1956 1582 1}

488 1592 540 1629 93
570 1604 602 1628 c.
634 1603 679 1630 m.
702 1593 777 1628 viro
802 1591 831 1628 0
969 1592 1021 1629 94
1050 1593 1117 1630 EC
1145 1594 1247 1631 Vino.
1271 1595 1368 1631 Bell.
1395 1606 1452 1642 sp.
1479 1597 1513 1631 d.
1536 1594 1584 1641 4,
1610 1595 1708 1642 122,
1729 1607 1796 1632 om.
1829 1595 1858 1632 V
1903 1629 1905 1634 Α
1932 1602 1956 1634 2³

489 1659 596 1696 super
615 1648 650 1683 in
671 1647 784 1695 gloria
808 1648 861 1684 Pb
1002 1647 1054 1685 95
1085 1648 1254 1686 consilios
1276 1650 1358 1696 PR,
1380 1650 1527 1686 consilia
1546 1651 1603 1687 Pa
1625 1661 1725 1687 corr.

360 1704 512 1740 vindicas
532 1704 603 1747 Pa,
626 1703 744 1739 vinces
768 1702 797 1739 C
908 1703 1107 1740 iracundiae
1128 1705 1162 1740 P
1281 1705 1332 1742 96
1363 1705 1462 1742 cuius
1496 1706 1597 1742 Vinc.
1622 1706 1718 1743 Bell.
1740 1717 1798 1753 sp.
1818 1707 1854 1743 d.

360 1760 398 1804 4,
421 1759 483 1796 79.
509 1758 585 1794 112
691 1763 745 1794 est
765 1769 850 1794 rem.
885 1760 925 1803 V,
946 1770 979 1806 p.
1001 1771 1031 1795 r.
1054 1765 1109 1795 est
1142 1760 1240 1796 Vino.
1263 1760 1302 1807 4,
1327 1759 1404 1797 112
1518 1761 1569 1797 97
1599 1761 1783 1798 damnator
1801 1760 1863 1799 Pb.

470 1814 505 1850 C.
524 1819 637 1850 morte
659 1813 846 1859 mulcatur,
867 1815 927 1862 qui
949 1825 1026 1850 cum
1050 1815 1175 1851 timore
1195 1817 1431 1852 conscientiae
1453 1827 1536 1853 suae
1558 1822 1718 1853 versatur
1740 1817 1774 1853 Τ

361 1872 412 1907 98
443 1869 599 1917 produnt
629 1869 658 1905 0
776 1869 827 1906 99
859 1881 926 1906 om.
969 1870 1015 1910 V,·
1043 1871 1111 1906 sed
1134 1870 1185 1917 cf.
1216 1883 1247 1907 v.
1275 1873 1299 1907 l.
1328 1873 1380 1908 ad
1405 1884 1437 1909 v.
1471 1872 1549 1909 100
1660 1882 1725 1909 uec
1753 1871 1856 1908 sortis

363 1926 455 1962 LTC
474 1924 729 1961 Pantlaealeon:
761 1935 832 1960 non
860 1925 964 1961 sortis
986 1925 1222 1972 Stephanus,
1252 1937 1317 1963 nec
1344 1927 1459 1964 facere
1486 1927 1591 1964 fortis
1621 1927 1772 1975 Inqolst.
1794 1937 1846 1965 ex

362 1983 581 2018 coniectura
610 1984 649 2016 ut
679 1981 843 2025 videtur,
872 1981 971 2017 unde
993 1981 1103 2023 Grut.⁴
1121 1980 1222 2018 Cont.
1252 1993 1317 2019 nec
1336 1983 1410 2031 ing.
1444 1982 1512 2019 sert
1539 1993 1604 2019 nec
1632 1982 1733 2019 fortis
1762 1982 1856 2027 facit,

362 2038 494 2073 melius
514 2036 635 2072 Bothe
655 2035 757 2071 Cont.
778 2046 842 2072 nec
873 2035 978 2072 sortis
1000 2035 1022 2071 s.
1053 2047 1116 2072 nec
1146 2037 1167 2072 i.
1191 2037 1282 2073 facit.
1325 2037 1380 2085 Cf.
1399 2050 1431 2075 v.
1455 2038 1532 2075 651
1663 2043 1748 2086 pote
1766 2047 1856 2085 pro·

358 2094 484 2138 posuit
506 2091 665 2127 Gruter.-
695 2096 817 2138 potest
838 2091 934 2128 LTC
1038 2092 1188 2140 ingenus
1209 2093 1258 2138 R,
1279 2093 1427 2141 ignavus
1447 2093 1664 2139 Froehlich‚
1685 2104 1751 2130 nec
1770 2102 1853 2142 ege-

363 2159 429 2183 nus
458 2146 550 2182 serre
575 2147 613 2182 Τ.
658 2143 716 2192 Cf.
747 2158 779 2183 υ.
803 2146 883 2183 240
999 2147 1078 2184 100
1107 2147 1319 2184 contumelia
1351 2149 1397 2194 V,
1423 2153 1644 2195 corruptum
1671 2158 1723 2185 ex
1749 2160 1782 2186 v.
1804 2147 1855 2186 99

473 2202 575 2237 animi
595 2202 665 2237 PB
685 2201 942 2238 Panthaleon:
972 2202 1070 2238 amici
1090 2202 1165 2239 RB
1193 2214 1221 2239 s.
1251 2214 1327 2240 scr.
1358 2216 1404 2240 m.
1434 2215 1509 2240 sec.
1532 2203 1635 2241 FVC
1742 2203 1856 2240 nullas

365 2258 408 2302 P,
430 2258 644 2293 Bentleius:
675 2256 793 2292 nunus
817 2257 863 2302 B,
887 2259 1026 2294 nullius
1048 2257 1120 2294 RF
1129 2257 1189 2295 VC
1205 2259 1442 2296 Penthaleon
1550 2259 1621 2296 101
1655 2259 1722 2296 ΕΟ
1750 2258 1853 2296 Vinc.

371 2314 461 2349 Bell.
483 2322 541 2358 sp.
563 2313 598 2348 d.
620 2311 659 2356 4,
684 2311 760 2347 159
857 2314 889 2348 iu
912 2323 1010 2360 pern.
1034 2314 1235 2350 Fabricius
1341 2314 1417 2352 102
1449 2314 1659 2352 Salomonis
1676 2314 1851 2361 proverb.

369 2369 431 2412 10,
453 2368 476 2404 8
505 2366 596 2403 ‘Urit
621 2367 813 2414 increpatio
843 2367 1050 2415 prudentem
1081 2370 1191 2417 magis
1212 2380 1314 2417 quam
1335 2371 1365 2406 si
1391 2370 1568 2418 percutias
1588 2368 1757 2406 stolidum
1777 2378 1857 2406 cen-

366 2424 444 2459 ties.
451 2423 462 2439 '
558 2427 613 2458 est
633 2422 745 2458 levius
767 2423 973 2459 Erasmus.-
1003 2423 1056 2470 cf.
1082 2436 1112 2460 v.
1140 2424 1216 2462 143
1319 2425 1493 2463 stultitiae
1515 2422 1551 2473 (i.
1574 2435 1606 2462 e.
1625 2423 1750 2471 stulto)
1770 2423 1856 2461 PR.-

366 2478 514 2514 stultitia
536 2477 571 2513 B
599 2488 683 2524 sup.
713 2488 788 2514 scr.
813 2489 889 2515 sec.
911 2490 956 2515 m
978 2479 1063 2525 FV,
1095 2479 1203 2516 stulte
1225 2480 1272 2526 B,
1294 2492 1363 2518 om.
1387 2481 1416 2518 C
1546 2480 1623 2519 103
1654 2479 1700 2526 0,
1729 2491 1797 2517 om.
1830 2479 1861 2515 V

475 2545 510 2581 p.
541 2532 648 2578 fides,
667 2544 796 2593 supra
825 2544 899 2570 scr.
927 2544 1001 2570 sec.
1031 2547 1076 2570 m.
1108 2534 1204 2581 dies,
1234 2535 1309 2572 dies
1336 2537 1516 2584 posterior
1536 2536 1579 2572 F.
1626 2534 1684 2583 Cf.
1706 2534 1860 2572 Eraemr'

367 2591 483 2636 May.
502 2600 542 2635 p.
566 2588 644 2624 732
667 2579 746 2625 Αει
767 2582 811 2623 τὰ
831 2586 968 2635 πέρυσι
987 2586 1134 2636 βελτίω.
1194 2590 1341 2627 Seneca
1362 2591 1528 2628 Phaedr.
1553 2589 1631 2628 784
1651 2588 1855 2637 (Hippolyl.

368 2645 461 2690 776)
488 2643 668 2691 Horaque
696 2655 836 2692 semper
864 2644 1055 2692 praeterita
1082 2645 1240 2682 deterior
1266 2645 1388 2684 subit?
1523 2644 1599 2684 104
1630 2644 1769 2682 Gellius
1790 2643 1855 2690 17,

373 2699 434 2745 14,
456 2699 623 2735 Mac-rob.
648 2698 728 2735 Sat.
753 2698 797 2744 2,
821 2700 858 2745 7,
881 2700 959 2736 Ιοα.
983 2700 1134 2738 saresb.
1158 2701 1297 2738 Policr.
1317 2701 1357 2748 8,
1381 2702 1443 2748 14,
1469 2701 1575 2747 TEC,
1596 2712 1662 2738 om.
1686 2699 1720 2737 R

370 2754 453 2790 facit
472 2753 539 2789 dux
563 2754 608 2791 0.-
636 2765 700 2802 pro
723 2766 760 2792 .v.
781 2759 836 2791 est
864 2756 899 2790 in
922 2756 974 2791 via
999 2756 1031 2791 T
1161 2757 1237 2794 105
1269 2757 1412 2794 Seneca
1436 2757 1536 2794 Eaec.
1560 2755 1728 2794 Controv.
1749 2754 1796 2799 8,
1816 2753 1856 2800 4,

365 2821 425 2856 pq.
462 2808 562 2853 427,
595 2809 642 2846 13
678 2810 745 2846 Bu.
797 2809 936 2846 ‘Nescio
978 2812 1078 2847 cilius
1119 2811 1274 2848 criminis
1314 2811 1379 2848 sihi
1419 2812 1581 2848 conscius
1618 2809 1781 2858 contugit
1815 2808 1858 2845 nd

369 2863 545 2899 mortem’.
