1956 3308
355 223 410 265 60
919 227 1279 260 PROLEGOMENA.

355 331 565 375 Publilius
609 330 894 372 dubitavisset
939 327 1013 383 (of.
1051 342 1092 369 v.
1122 326 1205 369 245
1241 329 1302 369 aa
1340 327 1520 369 amicum
1556 316 1717 369 habeas
1740 326 1845 382 eta),

356 400 438 440 nisi
482 404 662 439 metrum
699 396 969 438 coniunctivo
1015 393 1317 448 refragaretur.
1377 391 1499 445 Quae
1537 392 1701 448 reliqua
1747 399 1848 436 sunt

353 465 594 521 imperativi
638 462 853 519 exempla,
900 475 942 502 v.
986 461 1059 501 111
1106 474 1200 502 cave
1243 461 1463 515 quicquam
1513 460 1710 512 incipias,
1769 459 1848 502 120

353 546 446 572 carc
475 532 653 572 amicum
688 530 849 581 credas,
892 527 976 568 424
1011 528 1097 569 noli
1125 529 1394 579 contemnere,
1433 525 1647 566 notissimi
1676 532 1775 568 sunt
1803 526 1849 568 in
1918 533 1931 543 “

355 597 538 638 vetando
574 595 773 651 loquendi
814 594 1041 647 circuitus3
1081 591 1166 633 alia
1202 590 1391 634 tollenda
1430 591 1624 645 fuerunt,
1663 606 1759 634 eum
1794 606 1848 635 ne

353 663 544 704 codicum
581 662 754 718 quidem
790 660 1046 702 testimoniis
1084 659 1327 712 firmentur,
1365 658 1493 700 sicuti
1533 672 1574 699 v,
1606 657 1633 698 2
1671 662 1845 712 expecta,

354 730 406 771 75
425 732 516 781 esto,
550 728 625 770 127
648 729 818 781 loquere,
849 727 930 769 665
950 728 1098 780 inpone
1125 724 1307 767 alienam
1323 719 1546 779 'originem
1575 723 1735 780 prodit,
1768 739 1847 767 nee

353 801 465 836 stare
494 801 658 851 poterat
688 809 729 835 v.
763 794 855 848 167,
886 793 1002 850 quod
1030 791 1168 834 codex
1198 791 1239 834 R
1268 791 1449 833 suadere
1479 790 1650 833 videtur

618 887 794 926 Fortuna
823 898 909 924 cum
938 886 1145 930 blanditur,
1175 872 1286 932 capta
1314 885 1407 923 dum
1434 885 1546 923 venit.

357 971 424 1012 vel
453 976 595 1025 capta:
625 975 711 1013 tuni
739 972 858 1013 venit.

466 1061 556 1114 Iam
587 1061 622 1101 si
653 1061 746 1116 quis
777 1061 821 1101 in
851 1058 1117 1101 admonendo
1154 1058 1333 1099 futuro
1371 1058 1506 1099 utitur
1535 1057 1610 1112 (ef.
1642 1057 1696 1098 de
1724 1058 1848 1100 mori·

355 1127 433 1167 bus
462 1127 516 1168 29
544 1127 764 1168 abstinebis
793 1128 844 1168 ab
875 1127 1008 1168 alieno
1038 1125 1323 1176 matrimonio,
1359 1124 1414 1167 30
1435 1124 1674 1178 praestabis
1693 1138 1850 1178 paren·

355 1194 461 1234 tibus
481 1194 687 1246 pictatem,
718 1193 770 1234 31
801 1193 998 1234 devitabis
1026 1191 1337 1247 crudelitatem),
1367 1197 1530 1233 tantam
1559 1204 1660 1247 prae
1690 1204 1735 1232 se
1764 1189 1849 1232 fert

353 1258 565 1311 fiduciam,
586 1265 634 1300 ut
654 1259 756 1315 quin
785 1259 1024 1315 praeceptis
1045 1259 1132 1299 suis
1155 1257 1488 1314 obtemperaturi
1508 1257 1654 1311 simus,
1686 1270 1738 1298 ne
1769 1256 1846 1299 du-

354 1325 491 1366 bitare
522 1324 694 1381 quidem
725 1324 935 1366 videatur.
996 1324 1126 1376 Quod
1157 1338 1251 1366 eum
1271 1339 1356 1367 non
1377 1325 1517 1365 minus
1538 1323 1735 1373 alienum
1746 1324 1803 1365 sit
1824 1337 1850 1364 a

355 1391 602 1433 condicione
636 1398 807 1448 poetae,
846 1391 1037 1437 futurum
1073 1405 1158 1432 non
1194 1389 1611 1432 admisit—Publilius
1641 1390 1727 1432 nisi
1755 1404 1850 1432 raro

355 1457 583 1500 admodum
612 1459 658 1499 in
687 1457 891 1510 docendo,
924 1472 965 1498 v,
995 1458 1062 1498 41.
1083 1458 1178 1510 514,
1209 1471 1437 1513 numquam
1468 1458 1513 1499 in
1542 1456 1728 1498 secunda
1749 1471 1848 1514 *per-

355 1538 469 1566 sona.
529 1523 644 1565 Hine
682 1538 832 1581 parum
867 1524 1034 1565 aceedit
1070 1523 1386 1581 probabilitatis
1424 1524 1678 1566 coniecturis
1716 1537 1757 1565 V.
1797 1523 1874 1567 73.

354 1592 432 1644 fiet,
463 1590 544 1643 656
573 1592 750 1644 cffuyics,
781 1591 862 1632 658
892 1593 1088 1644 iynosces‘,
1119 1590 1326 1632 librorum
1357 1591 1592 1647 scripturae
1624 1590 1701 1632 147
1731 1593 1848 1644 coyet,

358 1656 436 1697 129
472 1658 682 1711 decrescet,
727 1657 809 1698 219
845 1659 1006 1709 serviet,
1052 1657 1134 1699 662
1163 1658 1381 1711 repperies,
1422 1655 1538 1698 nulla
1563 1670 1746 1712 prorsus
1783 1655 1849 1698 his

355 1722 625 1765 lectionibus:
658 1738 698 1764 v.
733 1725 783 1765 10
809 1724 955 1776 facies,
991 1724 1042 1765 19
1070 1725 1254 1777 redimes,
1285 1723 1339 1766 95
1367 1724 1513 1775 vinces,
1548 1723 1624 1765 127
1656 1723 1846 1777 loqueris,

354 1789 432 1830 331
461 1789 600 1841 facies,
633 1789 715 1831 395
734 1791 927 1844 invenies,
958 1791 1210 1846 praesertim
1232 1804 1326 1831 cum
1350 1783 1647 1832 coniunctivus
1669 1803 1745 1847 per
1765 1802 1850 1831 me-

357 1862 469 1896 trum
499 1869 634 1911 aeque
663 1855 802 1897 loeum
831 1855 1000 1898 habeat.

467 1921 617 1977 Itaque
654 1936 854 1978 praesens
891 1923 1153 1964 coniunctivi
1189 1923 1434 1980 imperativi
1469 1922 1562 1965 loeo
1590 1923 1777 1980 positum
1804 1921 1850 1964 in
1939 1926 1956 1962 ΤΞ

356 1988 593 2043 praeceptis
622 1988 853 2030 moralibus
884 1989 974 2030 fere
994 1997 1160 2044 regnat,
1191 2004 1233 2031 v.
1254 1990 1281 2031 2
1309 1993 1495 2044 expectes,
1528 1989 1553 2031 8
1574 1983 1697 2044 ames,
1723 1989 1857 2043 fera&
1927 1982 1956 2032 ἶ

361 2054 410 2094 19
439 2055 641 2105 redimas,
688 2055 766 2096 108
797 2069 933 2109 coyas,
977 2056 1053 2098 113
1082 2058 1301 2108 irascaris,
1345 2055 1421 2098 127
1452 2057 1655 2109 loquaris,
1695 2056 1848 2110 cogites,

360 2120 436 2161 137
467 2122 622 2172 timeas,
657 2122 735 2163 176
761 2122 893 2174 feras,
925 2123 1076 2176 culpes,
1113 2123 1203 2165 188.
1237 2123 1317 2164 190
1341 2123 1474 2175 feras,
1503 2121 1600 2164 224.
1628 2122 1724 2164 245.
1754 2120 1849 2185 249.

355 2186 451 2294 gg}
487 2187 589 2298 ἐξ.
632 2187 727 2229 359.
776 2188 871 2230 370.
915 2189 1010 2231 379.
1055 2189 1150 2233 423.
1200 2189 1295 2231 472.
1338 2189 1433 2231 474.
1478 2189 1573 2231 501.
1615 2187 1712 2265 509.
1753 2186 1849 2230 553.

469 2317 639 2370 Quibus
683 2320 720 2360 si
763 2320 1084 2363 adiunxerimus
1130 2322 1371 2377 praesentia
1413 2321 1698 2374 coniunctivi,
1744 2331 1850 2376 quae
1878 2317 1889 2325 ⁶

358 2384 601 2440 potentialis
632 2385 770 2427 locum
801 2387 1008 2440 obtinent,
1039 2392 1082 2428 Υ.
1106 2388 1151 2430 81
1182 2389 1338 2441 perdas
1368 2389 1447 2442 (ita
1468 2387 1513 2429 F
1519 2387 1576 2439 V3·
1605 2385 1735 2442 vulgo
1755 2398 1848 2440 por-

358 2452 422 2493 ‹le‘s
451 2465 506 2492 ex
536 2452 819 2507 coniectura),
858 2454 912 2495 95
940 2455 1101 2505 vincas,
1143 2455 1221 2497 185
1249 2458 1408 2508 repetas
1442 2444 1573 2509 ‘(male
1599 2453 1649 2495 F
1670 2450 1848 2516 recipis),

358 2518 439 2558 242
460 2532 598 2571 pecces
627 2519 737 2573 (var.
769 2518 796 2561 l.
820 2521 1004 2573 peccas),
1035 2520 1131 2562 252.
1162 2521 1240 2563 331
1271 2521 1428 2573 facias,
1458 2521 1542 2563 382
1569 2521 1738 2570 nescias,
1767 2516 1848 2560 408
1888 2515 1892 2518 ⁴

358 2598 505 2635 serves,
543 2586 626 2626 579
648 2599 823 2638 parcas,
862 2586 945 2628 645
974 2588 1119 2629 invites
1148 2587 1258 2642 (var.
1288 2586 1316 2628 l.
1346 2587 1539 2642 invitas),
1578 2586 1622 2627 in
1650 2585 1716 2628 his
1746 2597 1847 2640 quo-

360 2665 439 2706 que
477 2651 707 2692 enuntiatis
737 2651 968 2695 Publilium
1006 2653 1199 2695 consulto
1235 2653 1434 2709 effugisse
1470 2646 1751 2695 indicativum
1784 2662 1847 2691 se·
1875 2663 1878 2667 ·

360 2716 522 2758 eundae
558 2731 763 2773 personae
799 2717 924 2760 facile
962 2718 1233 2762 concedetur.
1294 2718 1433 2762 Semel
1469 2725 1635 2761 tantum
1674 2730 1715 2759 v.
1751 2715 1848 2768 530,

361 2782 637 2837 praecedente
673 2786 883 2835 concedas,
923 2786 1212 2841 Frisingensis
1242 2785 1351 2828 male
1380 2784 1556 2827 exhibet
1584 2785 1662 2827 das
1685 2784 1851 2842 panem

360 2863 435 2905 pro
465 2864 528 2903 eo,
559 2850 672 2906 quod
702 2865 757 2892 ex
786 2852 1030 2894 coniectura
1057 2852 1338 2909 reposuimuS,
1367 2852 1457 2903 dcs;
1486 2857 1529 2893 et
1557 2865 1599 2892 v.
1629 2849 1724 2904 592,
1755 2861 1851 2892 cum

1927 1145 1956 1219 «Ξ

1943 1240 1956 1439 i

1939 1442 1956 1554 Ξ

1938 1559 1956 1653 Ξ

1942 1755 1956 1808 ³

1930 1809 1956 1858 ’,Ξ

1936 1852 1956 1924 Ξ

1948 1961 1956 1987 Ξ.

1936 2033 1956 2106 ³

1944 2112 1956 2146 ²³,
