1956 3308
775 265 838 295 DE
869 264 1086 296 molimus.
1612 256 1691 298 139

180 367 265 413 32.
296 368 395 411 Non
423 366 549 409 vives
579 366 706 408 aliter
735 366 781 408 in
810 366 919 420 foro,
950 365 1076 408 aliter
1107 367 1152 408 in
1182 366 1429 409 solitudine.

195 441 260 480 33.
290 434 409 478 Nihil
447 441 566 492 petes
606 432 722 491 quod
758 440 993 490 negaturus
1033 433 1178 490 fuisti3
1217 434 1327 477 nihil
1365 435 1546 491 negabis
1577 436 1690 492 quod

293 503 509 561 petiturus
540 501 678 544 fuisti.
1156 521 1161 526 ·

194 575 261 615 34.
291 571 448 613 Pacem
480 584 578 612 cum
606 569 854 625 hominibus
885 569 1081 624 habebis,
1119 568 1280 611 bellum
1309 585 1407 612 cum
1439 570 1575 613 vitiis.

193 643 259 683 35.
291 638 388 680 Hoc
418 637 550 680 habet
580 638 718 681 omnis
748 637 967 686 adfectus,
1005 643 1053 679 ut
1084 638 1129 679 in
1160 637 1275 694 quod
1306 637 1400 694 ipsc
1430 638 1613 693 insanit,
1645 639 1688 680 in

294 706 409 749 idem
441 706 571 749 etiam
601 711 766 748 ceteros
796 711 922 762 putet
951 704 1109 747 furere.

193 781 261 818 36.
290 774 533 818 Maximum
570 774 617 815 in
654 788 703 815 eo
741 773 898 816 vitium
936 778 1021 828 est,
1069 773 1143 829 qui
1181 787 1266 815 non
1304 771 1555 815 melioribus
1596 772 1690 814 vult

293 841 478 900 placere,
515 840 592 883 sed
625 841 839 899 pluribus.

192 915 258 954 37.
292 910 339 954 Si
369 909 436 951 vis
467 908 667 951 omnibus
698 923 794 951 esse
823 913 964 963 notus,
996 908 1116 965 prius
1149 907 1273 949 effice
1302 912 1351 950 ut
1371 908 1589 950 neminem
1609 923 1684 951 no-

297 977 425 1019 veris.

193 1052 259 1090 38.
290 1045 460 1087 Bonum
490 1050 556 1087 est
584 1058 671 1086 non
701 1043 884 1098 laudari,
917 1043 994 1086 sed
1025 1057 1120 1085 esse
1150 1041 1425 1086 laudabilem.

190 1118 256 1157 39.
287 1112 510 1156 Morieris:
543 1111 723 1154 stultum
754 1117 820 1154 est
850 1112 1017 1165 timere,
1050 1111 1164 1168 quod
1194 1111 1333 1152 vitare
1363 1124 1450 1152 non
1480 1111 1636 1167 possis.

191 1186 258 1224 40.
290 1180 406 1223 Male
436 1179 491 1222 de
519 1185 564 1222 te
593 1179 826 1236 opinantur
855 1178 1067 1233 homines,
1100 1177 1177 1221 scd
1207 1177 1322 1220 mali.
1378 1177 1509 1220 Malis
1539 1176 1690 1234 displi-

288 1262 385 1290 cere
415 1253 482 1289 est
512 1246 694 1288 laudari.

188 1320 254 1358 41.
284 1314 400 1358 Male
422 1314 476 1357 de
497 1320 539 1357 te
559 1313 794 1372 loquuntur
812 1313 1031 1356 homines:
1061 1314 1172 1356 bene
1193 1314 1306 1355 enim
1328 1313 1447 1370 loqui
1466 1312 1685 1354 nesciunt.

287 1383 473 1425 Faciunt
502 1397 589 1424 non
619 1382 735 1440 quod
764 1396 930 1424 mereor
959 1396 1052 1438 ego,
1085 1381 1162 1423 sed
1192 1381 1307 1439 quod
1338 1380 1476 1423 solent
1506 1380 1602 1436 ipsi.

189 1454 255 1493 42.
285 1450 498 1494 Homines
530 1449 584 1491 de
613 1455 657 1492 te
685 1449 796 1491 male
816 1450 1069 1507 loquuntur:
1102 1450 1139 1491 si
1160 1446 1329 1503 merito,
1361 1447 1476 1505 quod
1503 1447 1680 1504 loquun—

289 1525 361 1562 tur
395 1533 482 1562 non
517 1517 746 1561 molestum
784 1524 870 1573 est,
910 1517 987 1560 sed
1017 1516 1134 1574 quod
1169 1531 1256 1559 non
1286 1516 1577 1570 mentiuntur3
1620 1515 1688 1556 sin

290 1586 520 1639 immerito,
550 1585 799 1628 innocentia
828 1599 924 1627 mea
952 1599 1067 1628 nunc
1096 1585 1284 1627 maxime
1303 1583 1487 1640 gaudeo.
1538 1582 1684 1640 Appa-

291 1659 358 1696 ret
388 1654 504 1696 enim
533 1652 630 1697 illos
661 1653 904 1696 obiecturos
935 1667 1053 1708 vera,
1085 1653 1122 1695 si
1153 1658 1343 1710 possent.

279 1851 331 1889 32
363 1852 400 1888 in
421 1850 631 1899 solitudine,
653 1850 757 1887 aliter
776 1851 814 1887 in
836 1850 916 1887 soro
938 1851 1048 1898 vulqo
1202 1849 1253 1886 33
1284 1845 1304 1867 *
1324 1854 1426 1897 pctcs
1448 1850 1592 1895 scripsi
1612 1849 1689 1884 coll

167 1909 219 1946 29
241 1907 455 1955 abstinebis,
480 1908 534 1946 30
553 1907 773 1956 praestabis,
796 1907 848 1944 31
870 1906 1067 1953 devitabis,
1090 1905 1142 1942 32
1166 1905 1276 1952 vives,
1298 1905 1350 1942 33
1373 1904 1537 1953 negabis,
1559 1902 1612 1941 34
1634 1904 1694 1939 ha-

165 1964 284 2002 bebis:
306 1969 408 2014 petas
430 1966 580 2002 codices
673 1963 726 2001 35
759 1963 901 2000 Concil.
927 1963 1072 1999 Turon.
1093 1963 1151 1999 II.
1173 1972 1259 1998 can.
1284 1961 1335 1998 14
1358 1959 1468 1997 ‘sieut
1491 1961 1538 1996 ait
1559 1960 1695 1996 Seneca

166 2021 361 2071 pessimum
390 2022 427 2058 in
459 2031 502 2057 eo
532 2021 658 2056 vitium
686 2030 766 2056 esse
796 2020 858 2067 qui
887 2020 923 2055 in
951 2018 987 2055 id
1010 2030 1080 2067 quo
1102 2019 1234 2054 insanit
1254 2023 1396 2054 ceteros
1419 2021 1522 2065 putat
1544 2016 1693 2052 surerc'.

169 2077 280 2123 Quae
309 2079 499 2115 sententia
528 2087 613 2114 cum
641 2087 694 2114 ex
723 2075 773 2123 §S
797 2075 863 2113 35.
885 2075 938 2113 36
969 2076 1016 2112 sit
1047 2076 1238 2122 conflata,
1268 2075 1461 2122 colliqitur
1481 2083 1556 2110 non
1577 2074 1696 2108 solum

166 2145 268 2172 anno
279 2133 359 2171 567
376 2137 549 2171 nostrum
567 2134 733 2170 libellum
756 2132 927 2169 Senecae
948 2133 1097 2168 nomine
1119 2132 1311 2179 vulyatum
1328 2130 1468 2177 fuisse,
1491 2129 1561 2165 sed
1580 2130 1693 2165 etiam

163 2191 457 2239 proverbiorum
479 2190 649 2227 ordinem
668 2191 745 2225 iam
768 2193 844 2225 tum
861 2188 989 2235 fuisse
1010 2188 1168 2224 eundem
1283 2187 1335 2224 36
1368 2185 1427 2233 Cf.
1450 2185 1696 2235 Antisthenes

168 2259 232 2295 ap.
254 2247 363 2295 Πίος.
387 2246 517 2284 Laert.
540 2245 586 2293 6,
610 2246 655 2292 1,
677 2245 702 2282 8
731 2236 830 2294 πρὸς
859 2236 929 2280 τὸν
957 2237 1120 2280 εἰπόντα
1150 2240 1322 2278 (Πολλοί
1339 2250 1382 2278 σε
1403 2236 1624 2277 ἕπαινοῦσι’
1649 2236 1699 2276 Τί

171 2296 259 2353 γάρ,
282 2299 374 2350 ἔφη,
396 2294 520 2339 κακὸν
542 2298 760 2349 πεποίηκας
850 2301 901 2338 37
935 2300 971 2337 Si
993 2300 1044 2337 vis
1068 2300 1121 2337 Gb
1143 2305 1183 2337 ut
1204 2299 1227 2347 S
1249 2298 1320 2335 24:
1343 2309 1429 2334 suus
1453 2298 1493 2344 S,
1514 2298 1567 2333 vis
1589 2298 1697 2344 vulqo

284 2359 337 2397 38
369 2356 450 2408 sed]
473 2364 509 2396 et
530 2360 581 2396 al.
655 2371 660 2377 ·
714 2357 766 2396 39
802 2358 969 2395 Totidem
990 2357 1114 2394 verbis
1136 2356 1224 2393 Sen.
1246 2356 1292 2392 de
1313 2356 1453 2392 remed.
1472 2354 1568 2401 sore.
1590 2352 1613 2388 2
1627 2381 1637 2398 ,
1660 2353 1696 2388 3.

175 2415 232 2464 Cf.
255 2417 452 2453 senarium
471 2415 587 2452 Prov.
614 2414 708 2462 100,
726 2425 790 2462 pq.
819 2413 919 2460 107,
949 2418 986 2449 et
1012 2412 1123 2460 infra
1151 2412 1175 2459 S
1199 2411 1308 2448 114³.
1424 2410 1479 2447 40
1510 2409 1576 2446 Ex
1601 2410 1697 2446 libro

169 2474 216 2509 de
236 2473 376 2509 remed.
394 2471 645 2519 fortuitorum
667 2470 705 2517 7,
729 2470 750 2506 1
857 2465 1007 2519 laudari]
1030 2467 1206 2505 laudabile
1227 2470 1277 2505 al.
1303 2466 1392 2503 Seu.
1415 2467 1462 2503 de
1485 2468 1560 2502 vita
1583 2466 1694 2501 beata

173 2528 250 2576 23,
271 2527 296 2565 4
326 2526 428 2564 emihi
449 2528 538 2574 iam,
560 2526 657 2575 quod
679 2531 928 2575 argumentum
950 2531 1007 2562 est
1027 2526 1137 2571 recti,
1159 2523 1339 2572 contingit
1359 2522 1458 2558 malis
1481 2519 1696 2569 displicerc’.

285 2584 338 2621 41
371 2584 619 2631 Desumptum
640 2593 692 2620 ex
711 2583 808 2620 libro
827 2583 873 2619 de
894 2583 1071 2619 remediis
1088 2580 1185 2628 fort.
1209 2580 1254 2626 7,
1279 2579 1315 2615 2.
1376 2578 1433 2625 Cf.
1460 2577 1561 2614 Stob.
1582 2578 1697 2623 florii.

174 2641 241 2688 19,
258 2640 282 2678 5
307 2632 476 2677 Πλάτων
498 2634 797 2687 λοιδορούμενος
818 2628 898 2674 ὑπό
919 2647 1025 2681 τινος
1042 2633 1159 2686 Λέγε,
1182 2632 1276 2686 ἔφη,
1299 2632 1446 2678 κακῶς,
1463 2627 1545 2669 ἐπεὶ
1567 2630 1695 2676 καλῶς

172 2688 248 2734 οὐκ
268 2693 415 2746 ἔμαθες
529 2706 670 2732 mereor
690 2706 761 2744 ego
784 2695 863 2732 Ga.-
891 2705 1033 2730 mercor
1055 2693 1109 2729 his
1132 2692 1200 2739 Gb,
1223 2692 1383 2728 moriaris
1406 2689 1434 2726 S
1546 2688 1599 2725 42
1632 2689 1698 2726 Ea:

173 2754 272 2791 libro
298 2755 345 2791 de
374 2754 515 2790 remed.
542 2752 638 2799 fort.
662 2752 708 2798 7,
730 2751 767 2788 3.
829 2749 876 2786 In
904 2752 983 2797 fine
1011 2750 1125 2786 huius
1140 2748 1391 2796 paraqraplii
1415 2746 1468 2782 Gb
1488 2746 1698 2794 subiunyit:

175 2819 265 2857 Male
283 2820 328 2857 de
348 2825 384 2858 te
404 2820 605 2870 loquuntur
625 2819 802 2855 homines.
831 2805 872 2853 Ῑῖ.
891 2816 930 2864 (ί.
948 2827 980 2854 e.
999 2817 1188 2865 responsio
1212 2817 1269 2853 vel
1289 2815 1411 2852 simile
1432 2812 1536 2861 quid)
1558 2811 1699 2871 gaudffi}

176 2887 207 2924 si
234 2887 478 2936 mentiuntur,
507 2887 613 2924 doleo
641 2887 672 2923 si
693 2897 774 2923 vera
795 2885 930 2923 dicunt.
990 2882 1078 2921 Male
1100 2882 1144 2920 de
1165 2888 1201 2920 tc
1222 2882 1423 2932 loquuntur
1445 2881 1620 2918 homines.
1659 2878 1697 2916 11.

178 2942 263 2980 dum
283 2954 341 2980 mc
361 2943 532 2993 lacerant,
552 2955 593 2981 se
614 2942 806 2981 maculant.
