1956 3308
385 199 433 240 18
946 207 1303 242 Pnomeomnm.

489 311 535 366 6)
566 310 741 353 Codex
772 310 1138 366 Frisingensis
1171 311 1250 367 (F)
1279 310 1401 365 olim,
1438 326 1559 371 nune,
1578 311 1690 353 inter
1718 309 1872 354 latinos

378 377 656 419 Monacenscs
693 392 735 418 n.
772 377 904 430 6292,
949 377 1296 418 membranaceus
1333 377 1491 419 sacculi
1530 377 1622 419 XI..
1650 378 1872 419 continens
1934 406 1952 419 -

379 458 475 485 cum
510 443 616 496 alia,
661 449 750 485 tum
789 458 841 484 ex
880 445 1017 499 poetis
1059 444 1227 486 Latinis
1271 450 1473 499 excerpta
1515 443 1695 499 ideoque
1739 451 1871 486 certa-

378 511 456 551 tim
484 524 510 550 a
539 509 766 566 philologis
799 516 840 550 et
870 508 1065 551 laudatus
1096 517 1137 551 ct
1168 509 1421 565 descriptus,
1480 509 1548 551 Cf.
1578 510 1745 562 Aretin,
1777 509 1871 551 Bei-

378 582 501 631 trage
521 577 560 628 7,
593 591 636 631 p.
656 576 753 629 257,
785 582 827 617 ct
856 590 933 617 nos
963 575 1019 617 ad
1041 574 1487 631 (Pseudo)Caeeilium
1509 573 1691 617 Balbum
1712 589 1783 632 pg.
1809 577 1872 617 17.

379 642 430 682 In
458 636 572 683 hunc
601 641 805 694 codicem,
836 641 1216 698 locupletissimum
1245 642 1447 695 omnium,
1479 642 1637 698 quippe
1664 643 1736 698 qui
1757 641 1872 684 solus

376 708 613 749 servaverit
642 709 920 764 posteriorem
950 709 1258 750 sententiarum
1286 714 1451 764 partem
1475 707 1660 763 (N—V)
1691 714 1733 749 et
1763 708 1872 763 prio-

378 790 467 815 rem
488 781 657 815 eentum
679 774 767 816 scre
788 774 985 816 versibus
1006 782 1188 829 auctam,
1220 774 1296 816 sed
1316 773 1441 816 titulo
1462 780 1690 828 carentem,
1712 775 1873 830 primus

379 841 531 892 incidit
560 841 619 882 M.
650 840 874 894 velserus,
906 856 988 897 quo
1017 848 1190 883 auctore
1218 840 1434 898 professor
1463 840 1636 896 quidam
1665 840 1873 895 Ingolsta-

377 908 539 949 diensis
577 907 810 949 Publilium
847 907 1003 963 Syrum
1039 922 1149 950 anno
1193 908 1298 949 1600
1343 907 1500 959 edidit,
1547 913 1595 948 ut
1634 907 1744 948 infra
1780 921 1873 948 nar-

377 974 553 1015 rabitur.
613 973 695 1015 Sed
727 974 777 1027 is,
809 988 1064 1030 quamquam
1094 974 1271 1016 editoris
1301 987 1393 1015 esse
1413 973 1599 1014 officium
1621 972 1733 1015 haud
1756 973 1874 1028 igno-

376 1041 504 1095 ravit,
534 1041 620 1082 nisi
649 1041 808 1082 monito
839 1039 994 1081 lectore
1023 1054 1048 1080 a
1078 1040 1272 1095 vestigiis
1293 1039 1393 1081 libri
1412 1054 1537 1080 mser.
1558 1038 1874 1092 non-recedere,

375 1114 542 1160 tamen,
579 1113 627 1149 ut
656 1121 749 1148 mos
780 1112 871 1147 erat
899 1097 1204 1163 permultorum
1235 1105 1318 1147 illis
1348 1106 1610 1162 temporibus
1640 1105 1874 1162 philologo-

376 1189 489 1226 rum,
520 1180 609 1214 tam
638 1172 772 1214 multa
800 1173 958 1226 omisit,
989 1179 1076 1214 tam
1106 1172 1239 1214 multa
1267 1173 1437 1214 inscitia
1466 1172 1575 1213 male
1603 1172 1873 1213 administra—

377 1241 455 1294 vit,
485 1247 532 1281 ut
562 1254 643 1296 quo
673 1239 950 1281 fundamento
981 1239 1131 1280 critico
1160 1245 1375 1295 tamquam
1405 1240 1508 1280 satis
1538 1239 1658 1280 firmo
1682 1253 1728 1279 se
1748 1238 1875 1301 inniti
1947 1273 1950 1280 .

375 1307 514 1348 nostri
544 1305 703 1363 saeculi
733 1306 918 1348 editores
950 1306 1113 1362 opinati
1143 1312 1242 1347 sunt
1250 1336 1261 1358 ‚
1291 1305 1337 1346 id
1368 1305 1508 1361 potius
1538 1304 1873 1357 infirmissimum

376 1374 435 1415 sit
464 1372 808 1414 existimandum.

487 1439 738 1481 Simillimus
768 1438 1037 1494 Frisingensi
1067 1445 1132 1480 est
1169 1439 1212 1494 7)
1244 1437 1338 1480 eod
1348 1452 1410 1480 ex
1439 1438 1539 1479 Vin
1549 1437 1577 1479 d
1587 1452 1611 1480 o
1621 1437 1649 1479 b
1659 1452 1682 1479 o
1694 1453 1720 1478 n
1730 1452 1790 1493 5³¹¹
1800 1438 1872 1479 sis

375 1506 456 1548 368
489 1505 594 1561 (V),
625 1505 787 1548 saeculi
819 1505 901 1547 XI.
932 1506 992 1546 ita
1021 1505 1219 1558 mutilus,
1257 1510 1305 1546 ut
1334 1504 1505 1545 deficiat
1533 1519 1575 1545 v.
1609 1504 1680 1545 121
1717 1504 1762 1544 in
1791 1503 1875 1545 fine
1932 1518 1942 1523 ·

375 1572 544 1614 litterae
575 1572 624 1614 C.
683 1571 824 1613 Huius
861 1571 1137 1628 apographon
1171 1571 1288 1627 typis
1326 1571 1514 1612 exscribi
1544 1571 1669 1611 iussit
1698 1569 1874 1611 Carolus

376 1638 568 1681 Schenkl
592 1640 636 1680 in
658 1637 803 1680 libello
824 1639 1052 1694 inscripto:
1083 1638 1285 1693 Beitrage
1306 1651 1384 1678 zur
1403 1636 1555 1678 Kritik
1575 1636 1650 1678 des
1671 1637 1874 1678 Annaeus

376 1705 553 1759 Seneca,
587 1705 707 1758 1864,
738 1719 808 1761 pg.
840 1705 907 1746 64.
967 1705 1075 1746 Cum
1105 1705 1162 1745 sit
1190 1704 1229 1745 is
1261 1718 1463 1746 versuum
1493 1704 1620 1757 ordo,
1650 1710 1697 1744 ut
1726 1717 1771 1744 se
1801 1717 1872 1744 ex-

375 1773 537 1828 cipiant
566 1786 608 1813 v,
643 1773 678 1812 1.
708 1771 749 1812 3.
779 1771 819 1813 5.
851 1772 889 1813 7.
920 1771 960 1812 9.
994 1803 1002 1811 .
1037 1802 1046 1811 .
1080 1803 1088 1811 .
1120 1771 1161 1811 2.
1191 1771 1231 1811 4.
1261 1770 1301 1811 6.
1331 1770 1371 1811 8.
1405 1770 1457 1811 10
1489 1801 1497 1810 .
1529 1802 1537 1810 .
1571 1801 1602 1823 .,
1632 1775 1706 1821 aut
1734 1770 1874 1826 ipsum

377 1838 567 1881 codicem
602 1844 677 1879 aut
713 1837 856 1891 illum,
894 1836 1007 1878 unde
1043 1836 1377 1883 Vindobonense
1413 1836 1696 1891 fragmentum
1733 1835 1872 1887 fluxit,

376 1906 490 1947 binis
523 1904 730 1946 columnis
761 1904 966 1959 seriptum
996 1902 1129 1944 fuisse
1159 1901 1387 1957 colligitur.

492 1970 679 2013 selectas
709 1977 875 2011 tantum
906 1969 1152 2022 sententias,
1184 1968 1339 2024 quibus
1369 1968 1626 2025 praecedunt
1647 1966 1872 2010 Sallustius

376 2044 418 2080 et
447 2037 591 2079 Julius
611 2037 970 2093 Exsuperantius,
1000 2034 1116 2077 nullo
1146 2035 1378 2091 praemisso
1408 2034 1532 2076 titulo
1561 2034 1690 2075 habet
1718 2034 1763 2088 8)
1791 2047 1871 2075 eo—

375 2105 477 2146 dex
508 2104 787 2145 Parisinus
819 2103 906 2144 lat.
937 2102 1068 2154 6085,
1099 2101 1461 2154 membranaceus,
1491 2099 1650 2143 saeculi
1681 2099 1761 2141 XI.
1793 2099 1873 2156 (E)

376 2171 444 2212 Cf.
476 2170 692 2212 Dictschii
731 2169 978 2212 Sallustium
1010 2169 1148 2225 (LiPS.
1182 2168 1308 2222 1859)
1338 2167 1422 2210 vol.
1453 2167 1488 2208 Ι.
1519 2181 1589 2223 pg.
1619 2167 1659 2208 4.
1711 2165 1873 2207 Eadem

375 2238 574 2293 epitome,
606 2236 794 2293 praefixo
822 2235 946 2277 titulo
977 2235 1211 2290 ‘Incipiunt
1231 2235 1466 2276 sententiae
1487 2234 1687 2276 Senecae'
1719 2233 1876 2288 legitur

376 2308 418 2345 in
448 2304 598 2345 codice
628 2303 826 2344 Parisino
851 2301 970 2355 1919,
1002 2316 1112 2342 saec.
1136 2300 1260 2342 XIV.
1290 2300 1364 2342 fol.
1390 2301 1481 2354 148,
1511 2299 1744 2354 Augustini
1776 2314 1872 2340 con-

376 2369 636 2412 fessionibus
667 2369 875 2410 subnexa.

487 2437 532 2492 9)
563 2435 742 2477 Codex
773 2435 1064 2476 Bernensis
1095 2434 1191 2486 704,
1222 2433 1568 2475 membranaceus
1589 2431 1747 2474 saeculi
1769 2431 1873 2473 XII.

377 2502 629 2544 ‘Proverbia
659 2501 866 2543 Seneehe’
906 2500 1085 2542 exhibet
1117 2499 1216 2541 inde
1245 2514 1271 2540 a
1300 2499 1372 2541 fol.
1407 2501 1426 2540 1
1457 2512 1590 2555 usque
1618 2498 1672 2540 ad
1702 2496 1774 2539 sol.
1810 2499 1872 2538 11.

377 2569 515 2610 Huius
545 2567 644 2609 libri
674 2575 721 2610 ut
751 2569 961 2623 integram
989 2567 1239 2608 adnotarem
1269 2565 1615 2623 discrepantiam,
1644 2565 1873 2621 impetrare

373 2651 399 2676 a
436 2650 503 2676 me
541 2650 624 2677 non
666 2635 808 2691 potui,
858 2640 1083 2691 propterca
1127 2633 1238 2689 quod
1276 2647 1324 2674 co
1362 2633 1404 2673 in
1443 2630 1654 2673 nonnullis
1699 2629 1871 2687 quidem

376 2701 478 2743 loeis
509 2702 763 2758 optimorum
792 2700 986 2742 codicum
1016 2700 1312 2742 auctoritatem
1342 2697 1580 2754 confimari
1610 2695 1724 2750 vidi,
1749 2695 1873 2750 longe

376 2767 557 2824 plurima
588 2783 703 2821 vero,
735 2774 893 2825 quanto
925 2782 1051 2823 opere
1081 2766 1152 2808 illo
1174 2767 1257 2808 iam
1278 2763 1446 2807 saeculo
1472 2763 1708 2806 sententiae
1728 2761 1871 2804 Publi-

376 2834 513 2874 lianae
540 2835 767 2891 depravari
797 2842 838 2875 et
867 2833 1115 2889 interpolari
1137 2838 1311 2888 coeptae
1331 2833 1432 2885 sint,
1461 2835 1608 2886 aperte
1628 2829 1872 2871 ostendunt.
