1956 3308
344 243 422 284 134
855 251 1143 284 senmurum
1174 253 1319 285 muso

449 352 577 395 Tanti
614 353 737 395 homo
767 359 832 394 cst
862 353 954 393 sine
983 352 1141 406 amico,
1183 354 1332 408 quanti
1365 367 1519 410 corpus
1554 354 1717 411 absque
1752 356 1837 412 spi-

873 419 956 460 ritu
988 423 1065 459 est.

449 485 601 527 Telum
630 484 735 526 fides
766 485 998 527 maioribus
1029 485 1187 527 nostris
1218 485 1466 527 maximum.

338 558 418 600 365
448 552 644 594 Timidus
675 557 801 593 vocat
831 565 876 593 se
906 557 1090 605 cautum,
1122 565 1299 607 parcum
1329 551 1543 594 sordidus.

449 619 666 675 Torquere
695 632 848 675 corpus
881 623 1002 659 extra
1031 622 1228 658 naturam
1258 624 1323 660 est
1354 633 1489 661 suum.

448 685 606 742 Turpis
637 685 782 741 inopia
811 689 890 738 est,
921 698 1029 740 quae
1058 685 1247 726 nascitur
1276 685 1329 726 de
1359 684 1511 740 gloria.

450 751 562 793 Tuta
592 758 657 794 est
686 752 863 804 iactura,
895 764 1003 807 quae
1032 750 1081 792 fit
1109 745 1393 807 neglegentia.

443 817 557 860 Tuta
586 832 726 875 saepe,
757 832 988 874 numquam
1018 831 1168 859 secura
1197 817 1309 859 mala
1337 818 1600 860 conscientia
1629 825 1707 861 cst.

340 890 422 928 370
451 885 687 926 Tutissima
721 898 788 926 res
819 891 883 926 est
913 885 1060 925 timere
1090 883 1152 925 nil
1181 891 1351 940 praeter
1380 884 1520 926 deum.

446 951 674 1007 Tyrannus
703 966 730 992 a
757 965 858 1006 rege
887 949 1020 992 distat
1050 949 1191 1004 factis,
1221 965 1307 993 non
1336 950 1519 992 nominc.

447 1017 536 1060 Ubi
566 1017 796 1059 discrimen
826 1017 937 1059 inter
965 1017 1098 1058 bonos
1129 1016 1347 1074 malosque
1377 1016 1589 1059 sublatum
1621 1023 1707 1072 est,
1739 1032 1836 1060 con-

869 1083 981 1125 fusio
1011 1083 1205 1140 sequitur
1233 1089 1275 1126 et
1305 1084 1508 1126 vitiorum
1538 1085 1717 1140 eruptio.

448 1150 536 1192 Ubi
565 1151 749 1191 maxime
778 1150 1004 1206 gaudebis,
1034 1156 1197 1192 metues
1227 1151 1427 1191 maxime.

447 1216 534 1260 Ubi
563 1217 794 1273 tranquilla
822 1216 904 1259 tibi
924 1217 1066 1259 omnia
1085 1216 1300 1271 videntur,
1331 1217 1412 1259 tibi
1440 1217 1502 1259 ibi
1522 1219 1716 1260 nocitura
1738 1219 1838 1273 [non

871 1283 1057 1339 desunt}

338 1355 416 1394 375
449 1351 537 1393 Ubi
566 1351 726 1393 usitata
753 1343 942 1392 remedia
971 1364 1055 1392 non
1083 1350 1335 1407 procedunt,
1368 1355 1487 1392 tenta
1516 1352 1741 1393 contraria.

449 1417 573 1459 Velle
603 1417 760 1459 bonum
791 1417 883 1458 fieri
912 1431 1068 1471 magna
1097 1432 1195 1473 pars
1227 1424 1292 1459 est
1321 1417 1541 1460 bonitatis.

449 1484 589 1526 Velox
618 1482 845 1526 consilium
874 1484 1066 1540 sequitur
1094 1484 1369 1540 paenitentia.

451 1550 533 1592 Vel
563 1549 823 1605 strangulari
851 1549 1029 1606 pulchro
1060 1549 1114 1591 de
1143 1549 1261 1606 ligno
1291 1550 1424 1592 iuvat.

451 1617 590 1660 Venia
619 1622 684 1659 est
712 1630 874 1673 poenae
904 1616 1076 1658 debitae
1106 1617 1313 1660 remissio.

342 1689 422 1727 380
451 1684 550 1726 Vile
578 1682 641 1725 nil
670 1682 793 1725 decet
823 1697 974 1726 sonare
1002 1683 1048 1725 in
1076 1683 1360 1726 maximorum
1391 1683 1604 1727 laudibus.

451 1751 556 1792 Veri
586 1749 689 1792 boni
719 1755 784 1792 est
816 1750 921 1806 pati,
952 1762 1039 1792 non
1067 1749 1208 1792 facere
1236 1751 1452 1792 iniuriam.

452 1818 618 1870 Virtus,
651 1830 778 1873 quam
806 1817 1040 1858 necessitas
1070 1817 1246 1870 excutit,
1277 1818 1482 1859 acerrima
1513 1824 1589 1860 est.

452 1884 624 1925 Virtute
653 1882 844 1925 abundat
874 1883 1022 1937 multa,
1053 1883 1126 1940 qui
1155 1882 1337 1925 alienam
1366 1890 1493 1927 amat.

455 1951 531 1992 Vis
561 1956 687 1992 notus
717 1949 912 1992 omnibus
944 1949 1071 1992 esse?
1101 1949 1265 1991 nullum
1294 1951 1480 1993 noveris.

344 2021 423 2059 385
453 2016 620 2059 Vitium
655 2016 752 2070 fuit,
783 2030 896 2058 nunc
925 2031 1016 2059 mos
1048 2022 1111 2058 est
1137 2016 1394 2060 adsentatio.

347 2221 428 2259 363
460 2221 514 2258 Gr
535 2221 572 2257 2.
594 2220 692 2258 Caec.
715 2221 807 2258 Ball).
830 2220 922 2258 Mon.
949 2220 1013 2268 15,
1036 2221 1076 2268 8,
1096 2232 1158 2270 pg.
1182 2220 1233 2259 25
1388 2221 1469 2260 364
1500 2221 1553 2259 Gr
1573 2221 1608 2259 2.
1631 2222 1730 2260 Caco.
1752 2222 1844 2260 Balb.

344 2277 449 2316 Mon.
474 2275 519 2323 4,
543 2276 587 2323 2,
615 2289 676 2326 pg.
698 2277 747 2313 21
890 2276 969 2314 365
1000 2278 1048 2314 Ε.
1070 2276 1120 2313 Cf.
1143 2288 1247 2326 supra
1267 2289 1329 2326 pg.
1360 2277 1453 2325 109,
1476 2278 1553 2315 116
1691 2278 1770 2316 366
1800 2279 1846 2319 F.

343 2333 429 2369 Sen.
452 2333 556 2380 epist.
579 2332 626 2379 5,
647 2332 672 2368 4
805 2332 884 2369 367
914 2332 979 2369 Ps.
1001 2332 1099 2369 Caec.
1121 2332 1212 2369 Balb.
1234 2332 1312 2369 Par.
1335 2332 1403 2379 44,
1423 2345 1482 2382 pg.
1505 2333 1572 2380 41,
1593 2335 1638 2376 de
1656 2337 1747 2382 qula
1767 2333 1845 2371 cod.

345 2388 453 2424 Paris.
475 2386 582 2425 8027
730 2387 809 2425 368
842 2388 906 2424 Gr.
929 2398 971 2424 ex
991 2387 1102 2425 palat.
1125 2383 1220 2438 tuta]
1243 2392 1366 2437 turpis
1386 2389 1470 2426 Sen.
1492 2389 1595 2437 epist.
1620 2389 1657 2436 1,
1682 2390 1702 2426 1

343 2443 423 2481 369
456 2444 519 2480 Gr.
543 2442 589 2479 De
610 2454 699 2480 mor.
723 2442 773 2480 65
794 2443 875 2480 coll.
899 2443 978 2480 Seu.
999 2444 1102 2491 epist.
1127 2443 1220 2490 105,
1242 2444 1266 2481 8
1409 2444 1490 2483 370
1519 2445 1563 2480 F.
1584 2444 1636 2481 Cf.
1658 2455 1764 2494 supra
1785 2456 1845 2493 pg.

348 2499 439 2545 110,
465 2499 542 2535 117
629 2499 707 2536 371
742 2499 806 2536 Go.
827 2498 908 2536 Seu.
929 2498 971 2535 dc
992 2498 1095 2536 clem.
1121 2499 1156 2545 1,
1182 2499 1246 2546 12,
1270 2499 1290 2536 1
1379 2499 1459 2537 372
1492 2500 1555 2538 Go.
1578 2499 1658 2536 Seu.
1681 2499 1725 2537 de
1744 2499 1844 2536 clem.

349 2556 392 2602 1,
414 2554 459 2600 2,
482 2554 506 2590 2
647 2554 725 2591 373
758 2555 821 2591 Gr.
844 2565 885 2590 ex
906 2553 985 2590 cod.
1006 2554 1115 2592 Palat.
1137 2554 1219 2591 Sen.
1240 2555 1284 2591 de
1307 2555 1356 2591 ira
1379 2554 1417 2602 2,
1439 2555 1505 2602 31,
1527 2555 1551 2592 5
1686 2554 1765 2592 374
1797 2555 1845 2593 R.

345 2610 427 2646 Sen.
449 2609 492 2645 de
513 2610 562 2645 ira
584 2609 622 2657 2,
645 2609 711 2655 31,
733 2610 772 2656 5,
793 2620 835 2646 ex
857 2620 928 2658 quo
950 2609 1100 2647 alterum
1121 2611 1185 2647 tibi
1202 2610 1271 2647 del.
1377 2610 1456 2648 375
1486 2611 1556 2648 Ρη.
1579 2609 1659 2646 Seu.
1683 2609 1726 2646 de
1745 2609 1845 2646 clem.

350 2666 368 2701 1
385 2694 395 2712 ,
418 2665 464 2711 9,
487 2664 510 2702 6
653 2665 732 2702 376
765 2665 804 2710 Q.
827 2664 910 2701 Seu.
939 2666 1042 2713 epist.
1073 2665 1148 2712 34,
1171 2665 1195 2703 3
1344 2666 1424 2704 377
1453 2666 1517 2703 Ps.
1539 2665 1635 2701 Caec.
1657 2664 1750 2702 Balb.
1771 2664 1847 2701 Par.

348 2720 414 2766 55,
435 2731 495 2769 pg.
517 2719 568 2756 41
718 2720 796 2758 378
829 2721 898 2758 Bo.
922 2721 1101 2769 Aristoph.
1123 2720 1209 2757 Ran.
1230 2733 1261 2757 v.
1284 2721 1363 2759 736
1504 2719 1582 2757 379
1615 2718 1681 2757 Go.
1702 2719 1783 2757 Seu.
1804 2720 1848 2757 (le

347 2776 447 2811 elem.
470 2775 508 2822 2,
532 2776 569 2822 7,
591 2776 615 2813 3
713 2776 794 2814 380
823 2776 867 2812 F.
971 2776 1049 2813 381
1082 2777 1125 2813 F.
1148 2775 1210 2812 Est
1231 2788 1322 2814 vers.
1345 2775 1468 2812 Publii.
1492 2775 1567 2812 651
1614 2789 1619 2797 ·
1667 2775 1746 2813 382
1778 2775 1847 2813 Ρη.

349 2830 429 2867 Seu.
451 2830 495 2867 de
515 2830 615 2867 clem.
642 2832 684 2878 1,
711 2831 782 2877 12,
804 2831 828 2868 5
851 2833 1027 2869 extundit
1173 2831 1252 2869 383
1284 2832 1327 2868 F.
1347 2830 1399 2866 Cf.
1421 2842 1481 2879 pg.
1507 2830 1596 2876 107,
1623 2830 1702 2869 110

350 2884 429 2922 384
460 2886 505 2926 F.
527 2886 577 2922 cr.
599 2898 660 2935 με.
684 2887 776 2934 111,
801 2887 876 2924 131
1010 2886 1090 2924 385
1124 2886 1168 2923 F.
1191 2886 1240 2923 cr.
1262 2898 1323 2935 με.
1350 2885 1443 2933 111,
1466 2885 1544 2923 135

484 2950 504 2968 .

1876 696 1883 705 ,

1943 1043 1956 1082 aa
1943 958 1956 1037 mna-ff
1932 904 1956 951 1224
1941 840 1956 898 ms.
1942 831 1947 834 ·
1948 815 1956 826 .
1942 717 1956 810 tune-.-
1949 694 1956 709 ....
1939 677 1943 681 ¹

1951 1483 1956 1494 -
1955 1425 1956 1428 „
1940 1217 1956 1413 v...='.»...;e⁴.=a.-.1·u¹.
1942 1160 1956 1206 1¹1⁵*
1951 1146 1956 1150 .
1952 1134 1956 1137 .
1948 1116 1956 1126 2
1950 1102 1956 1107 .
1951 1086 1956 1092 ,
