1956 3308
665 240 1029 277 PROLEGOMENA.
1471 296 1484 300 ἱ
1553 237 1607 282 29

86 355 208 385 num
239 341 530 386 Gruterum
567 358 662 387 esse
693 348 966 401 existimant,
1007 350 1080 405 qui
1113 348 1283 391 ‘Publii
1312 349 1412 404 Syri
1441 353 1608 393 mefmos'

86 417 308 467 tamquam
338 410 614 454 corollarium
645 413 834 456 Senecae
864 416 1185 471 tragoediarum
1214 431 1327 458 anno
1362 417 1490 459 1604
1520 418 1606 460 edi-

87 478 172 520 dit:
213 477 324 519 hane
355 478 614 535 editionem,
648 481 1052 536 Commelinianam,
1086 490 1129 525 et
1158 485 1297 540 ipsam
1326 483 1382 525 ab
1412 485 1609 526 omnibus

87 545 180 587 fere
208 546 455 601 ignoratam
485 546 636 590 video:
675 563 774 590 nam
804 549 1035 592 obscurata
1065 557 1130 592 est
1158 551 1464 607 Lug-dunensi,
1501 566 1609 608 quac

0 619 8 674 ζ
79 612 252 671 prodiit
279 627 319 654 a.
354 614 462 656 1708
491 616 608 672 apud
639 616 852 659 Joannem
889 617 943 658 de
972 618 1103 660 Vivie
1134 625 1176 660 et
1209 619 1314 661 1727
1343 619 1460 675 apud
1492 619 1608 661 Hen-

87 681 170 723 rici
189 680 380 737 Teering
401 695 504 723 cura
525 682 616 739 Sig.
639 683 932 740 Havercampi
954 690 996 726 et
1016 684 1124 727 Abr.
1146 686 1369 742 Preygeri,
1399 687 1608 729 instructa

83 749 206 790 notis
244 750 471 805 postumis.
531 749 631 792 Non
662 750 844 793 dubium
883 757 968 805 est,
1008 753 1113 808 quin
1151 751 1363 794 Gruterus
1401 753 1607 795 editorem

88 814 483 872 Ingolstadiensem
518 818 582 859 rei
619 820 825 861 metricae
864 819 1234 876 imperitissimum
1272 819 1399 876 longe
1435 835 1607 877 supera—

87 883 202 926 verit
231 889 275 925 et
303 883 441 926 multa
478 885 642 941 primus
683 888 939 929 correxerit:
979 887 1094 943 quod
1123 893 1268 928 autem
1297 887 1453 930 librum
1483 903 1608 946 suum

86 950 169 993 hoc
205 950 333 993 titulo
371 945 574 1007 vulgavit
618 953 685 995 ‘L.
725 954 896 995 Annaei
937 954 1125 997 Senecae
1163 960 1205 996 et
1244 957 1292 998 P.
1326 955 1434 1010 Syri
1473 955 1606 1007 mimi,

6 1054 19 1067 ,.
86 1018 234 1061 forsan
272 1025 316 1060 et
352 1018 535 1061 aliorum
576 1020 818 1076 singulares
859 1023 1118 1075 sententiae,
1160 1027 1364 1063 centum
1401 1021 1609 1078 aliquot

11 1099 13 1101 ·
61 1085 349 1132 ,versibus
387 1101 523 1128 nunc
562 1088 784 1144 primum
819 1096 1005 1132 auctae
1043 1096 1084 1132 et
1121 1095 1337 1131 correctae
1373 1104 1453 1147 ope
1483 1089 1607 1130 codd.

4 1167 14 1209 ss
87 1153 387 1196 Palatinorum
434 1160 477 1196 et
521 1154 851 1212 Frisingensis’‚
894 1156 941 1199 id
985 1158 1143 1199 nimiae
1186 1157 1270 1199 fuit
1312 1157 1608 1212 arrogantiam

88 1236 190 1263 nam
221 1234 279 1263 ex
307 1222 532 1264 codicibus
564 1223 774 1265 Palatinis
805 1224 861 1266 ab
891 1224 985 1280 ipso
1015 1224 1225 1266 adhibitis
1255 1225 1413 1280 viginti
1441 1230 1606 1266 tantum

7 1308 15 1319 ⁵
87 1295 366 1331 accesserunt
385 1304 411 1331 a
432 1289 623 1332 Publilio
654 1290 959 1345 alienissimae,
997 1292 1322 1348 Frisingensem
1351 1297 1494 1333 autem
1523 1292 1606 1332 iam

15 1359 17 1361 ’
86 1363 216 1399 antea
234 1371 469 1400 excussum
489 1372 544 1399 ne
564 1348 812 1415 in'spexerat
828 1359 1024 1416 quidem3
1046 1361 1175 1402 immo
1191 1359 1512 1402 obtrectationis
1530 1360 1608 1400 cri-

17 1415 28 1423 ”
87 1426 196 1468 mini
225 1439 272 1467 se
300 1426 356 1468 iis
387 1426 561 1480 obiecit,
594 1441 704 1483 quae
733 1427 1087 1469 adnotationibus
1118 1428 1353 1484 praemisit.
1405 1427 1607 1468 ‘Primam

11 1488 15 1549 J
89 1494 400 1536 sententiarum
431 1494 596 1551 prolem
619 1494 959 1551 (Erasmianam)
983 1509 1120 1551 nuper
1149 1495 1207 1536 ad
1235 1495 1445 1536 invidiam
1474 1508 1609 1550 usquc

6 1597 21 1613 7.
90 1554 305 1617 expolivit
334 1560 438 1603 lima
468 1561 620 1606 divina
641 1562 823 1619 Josephi
846 1561 1079 1618 Scaligeri3
1110 1562 1394 1618 posteriorem
1424 1561 1515 1602 fere
1533 1559 1605 1601 ad-

88 1627 173 1670 huc
212 1628 589 1684 sanguinolentam
622 1644 701 1686 ego
715 1631 775 1686 (P)
806 1630 872 1671 his
910 1630 1016 1686 ipsis
1054 1629 1252 1671 manibus
1291 1627 1466 1681 sustuli,
1505 1627 1606 1680 lavi,

89 1695 197 1750 fovi,
214 1696 338 1750 finxi,
353 1696 554 1739 adhibita
574 1691 776 1754 aleiptica
795 1698 973 1739 minime
988 1696 1248 1754 paenitenda
1269 1701 1309 1737 ‘e
1330 1695 1605 1752 myrotheciis

23 1782 26 1791 ³
93 1761 297 1806 librariae
318 1763 594 1808 Serenissimi
623 1766 710 1806 mei
729 1765 960 1822 Principis,
993 1764 1205 1806 Electoris
1235 1763 1452 1805 Palatini’.
1495 1763 1607 1804 Con-

9 1836 28 1884 ³3
89 1830 204 1874 sulto
238 1833 380 1886 enim,
418 1838 467 1875 ut
499 1833 594 1889 ipse
623 1834 860 1875 sententias
892 1832 1194 1888 Frisingenses
1224 1832 1388 1888 primus
1419 1830 1612 1871 edidisse

89 1897 329 1955 videretur,
352 1899 530 1943 editoris
553 1900 916 1957 Ingolstadiensis
936 1915 991 1942 ne
1012 1901 1271 1942 mentionem
1293 1897 1468 1956 quidem
1489 1898 1605 1950 fecit,

89 1972 133 2008 et
160 1966 238 2010 u‘bi
267 1968 420 2025 utique
450 1969 848 2011 commemorandus
881 1974 992 2022 erat,
1024 1966 1175 2009 maluit
1206 1981 1301 2009 cum
1330 1972 1444 2008 tecte
1474 1966 1605 2020 signi-

89 2033 232 2090 ficare,
263 2035 402 2079 veluti
422 2036 479 2078 ad
500 2051 543 2078 v.
570 2036 670 2078 142:
703 2037 829 2090 ‘quod
857 2037 1117 2078 obtrusera‘nt
1135 2035 1254 2077 nobis
1282 2035 1400 2085 alii,
1432 2034 1606 2075 danmat

2 2093 33 2143 Ϊῖῖ
91 2115 200 2155 quae
228 2103 388 2157 linqua,
424 2105 550 2146 nihili
579 2107 665 2146 σεῖ’.
990 2122 992 2124 ·

200 2169 345 2214 Aliam
376 2186 548 2228 quoque
577 2172 887 2214 sententiarum
917 2170 1149 2212 editionem
1171 2168 1284 2210 idcm
1306 2168 1474 2210 curavit
1494 2167 1603 2208 Gru-

24 2271 44 2283 ,
90 2241 208 2280 tei-us
243 2253 357 2280 anno
390 2239 500 2282 1610
536 2240 582 2280 in
620 2238 856 2294 Florilegio
894 2237 1253 2296 ethico—politico,
1294 2235 1605 2292 quinquaginta

36 2323 40 2350 2
89 2303 262 2347 circiter
305 2307 508 2349 versibus
551 2313 722 2349 auctam
759 2305 830 2347 vel
874 2306 1017 2362 potius
1058 2303 1379 2360 interpolatam,
1421 2317 1515 2344 cum
1552 2316 1605 2342 nc

1 2382 5 2390 ‘¹
29 2391 45 2435 ss
88 2385 199 2416 unus
229 2372 404 2430 quidem
434 2374 492 2416 sit
522 2374 715 2416 Publilii.

202 2440 331 2484 Ultra
369 2456 547 2499 scopum
587 2443 751 2484 incerto
781 2441 870 2482 ictu
899 2439 1136 2482 tetendisse
1165 2438 1390 2496 plerosque
1419 2433 1612 2478 editoresx

0 2511 2 2513 ’
89 2506 224 2564 probe
261 2509 414 2551 sensim
434 2510 602 2566 ingenii
638 2508 838 2551 acumine
867 2508 981 2550 inter
1010 2520 1167 2563 paucos
1204 2505 1387 2561 insignis
1424 2503 1603 2545 Ricar-

0 2606 2 2610 -
90 2573 186 2618 dus
215 2575 524 2635 Bentleius;
555 2583 604 2619 ut
633 2578 727 2634 ipse
756 2573 935 2618 Publilii
965 2574 1202 2617 sententias
1231 2587 1316 2614 una
1345 2586 1440 2613 cum
1470 2570 1602 2612 Phae-

7 2638 64 2700 ss}
88 2640 158 2687 dri
187 2642 350 2686 fabulis
382 2644 572 2686 edendas
603 2644 856 2700 susciperet,
889 2655 939 2683 ea
959 2641 1342 2698 praecipuewausa
1361 2638 1458 2691 fuit,
1489 2635 1602 2693 quod

33 2702 57 2726 ³
86 2700 276 2752 ‘Harium
296 2711 492 2754 Terentii
523 2712 731 2754 editorem
760 2710 874 2751 idem
898 2708 1123 2751 consilium
1144 2708 1309 2763 agitare
1328 2710 1601 2760 cognoverat.

0 2758 49 2834 {pf
91 2774 159 2818 Cf.
178 2777 367 2821 Bentleii
397 2780 534 2822 vitam
562 2793 588 2820 a
618 2777 784 2820 Jacobo
806 2775 992 2825 Machlio
1023 2775 1281 2831 descriptam
1304 2787 1373 2829 pg.
1396 2772 1462 2813 91.
1500 2771 1601 2812 Pro·

90 2841 172 2887 diit
201 2843 278 2887 illa
307 2845 443 2901 editio
465 2845 671 2888 Cantabr.
698 2844 817 2887 1724.
848 2844 907 2885 4⁰.
968 2842 1068 2895 Sed,
1100 2847 1148 2882 ut
1178 2841 1225 2882 fit
1256 2841 1300 2881 in
1330 2838 1474 2881 subito
1504 2852 1600 2879 con-

19 2914 49 2973 J}
89 2909 212 2967 silio,
242 2927 312 2954 res
342 2914 610 2970 improspere
640 2913 781 2954 cessit.
842 2911 952 2953 Nam
982 2908 1199 2961 codicum,
1239 2922 1343 2963 quos
1374 2905 1601 2957 consuluit,
