1956 3308
716 234 1081 267 PROLEGOMENA.
1609 228 1662 272 57

50 381 58 389 ¹
251 334 467 394 Sequente
496 341 760 379 consonante
787 350 839 380 us
868 337 948 394 (α’)
980 338 1141 397 corripi
1170 354 1315 396 posse,
1354 355 1464 398 quae
1495 348 1560 384 est
1588 356 1662 384 an-

96 404 372 462 1.tiquiorum
401 409 625 461 poetarum
644 403 873 463 licentia„
891 420 1043 463 parum
1075 406 1284 449 credibile
1315 414 1402 462 est,
1442 423 1538 450 cum
1568 423 1663 466 per-

59 530 69 536 ff
135 472 264 531 pauci
299 485 476 524 versus,
514 472 561 513 in
591 472 749 528 quibus
786 473 833 515 id
863 473 1028 515 factum
1065 489 1161 517 esse
1191 475 1388 531 videtur,
1427 475 1663 518 lenissimis

0 596 1 605 ἵ
109 538 340 597 xremediis
387 539 533 581 sanari
569 539 751 596 possint.
812 540 880 582 Cf.
919 555 962 582 V.
999 542 1096 584 387.
1137 543 1235 585 632.
1294 543 1449 600 Itaque
1486 543 1666 586 videtur

135 605 372 660 Publilius,
410 606 466 649 ob
496 621 739 649 sermonem
778 608 1058 665 purissimum
1095 616 1215 652 tanto
1246 625 1374 668 opere
1404 610 1662 665 celebrati‘oe,

42 689 50 732 j
135 676 184 718 in
211 681 306 717 arte
335 689 509 732 quoque
538 674 865 732 pangendorum
895 690 1100 719 versuum
1130 680 1306 735 propior
1336 693 1431 721 esse
1451 679 1661 735 Vergilio,

103 769 109 775 ·
137 758 266 802 quam
285 742 440 785 Plauto
471 748 514 784 et
542 742 746 785 Lucretio
777 758 961 800 quoque,
992 751 1041 787 ut
1071 759 1245 788 versum
1265 746 1348 788 638
1371 747 1547 802 (yravi')
1578 762 1663 789 non
1720 753 1726 765 ·

47 823 50 826 ⁴
78 818 86 830 ²
112 811 380 870 *profectum
410 824 505 853 esse
533 825 560 852 a
589 810 778 853 Publilio
809 826 888 868 pro
919 818 1036 855 certo
1066 812 1276 855 affirmari
1306 814 1458 871 possit.
1530 819 1532 821 ’

249 877 464 931 Quintum
493 879 760 921 senariorum
789 879 946 938 pedem
965 894 1062 922 raro
1082 880 1317 922 admodum
1337 887 1534 924 constare
1555 882 1662 923 iam-

136 947 194 991 bo
229 961 338 1004 puro
381 960 462 989 res·
491 952 556 989 est
600 947 843 989 notissima.
903 947 1244 990 Excusationem
1294 949 1468 1006 quidem
1508 949 1667 990 habent

136 1013 350 1058 vocabula
386 1014 577 1071 quinque
614 1013 686 1056 vel
723 1029 802 1057 sex
833 1014 1120 1073 syllabarum,
1159 1030 1227 1058 ex.
1259 1031 1325 1072 gr.
1358 1031 1401 1058 v.
1431 1017 1488 1059 34
1514 1018 1664 1059 sollici-

97 1077 107 1081 *
137 1084 314 1135 tudinis,
359 1097 403 1123 v.
443 1083 495 1124 77
522 1084 846 1136 ‘misericordim
891 1082 969 1126 sed
1005 1090 1123 1126 recte
1159 1085 1337 1141 pessimi
1375 1098 1529 1126 versus
1570 1074 1666 1126 esse

136 1152 408 1206 iudicantur,
455 1165 552 1193 cum
597 1151 798 1208 quintum
834 1158 876 1193 et
914 1158 1086 1194 sextum
1130 1151 1285 1209 pedem
1332 1151 1418 1195 duo
1455 1151 1666 1194 vocabula

136 1217 356 1276 bissyllaba
385 1225 610 1276 occupant.
671 1218 820 1278 Quare
849 1218 956 1261 ferri
984 1217 1102 1262 nullo
1131 1219 1260 1263 modo
1290 1221 1432 1277 potuit
1462 1234 1505 1262 v.
1539 1220 1615 1262 10:

521 1323 652 1363 Amici
680 1326 776 1363 vitia
805 1326 839 1363 εἰ
867 1325 986 1372 feras,
1015 1325 1120 1372 facis
1143 1328 1225 1370 tua,

31 1483 35 1485 λ
138 1423 217 1477 sed
259 1421 556 1480 adstipulante
601 1422 750 1465 codice
787 1422 1022 1465 Basiliensi
1067 1422 1346 1465 scribendum
1390 1422 1473 1464 fuit
1514 1423 1664 1476 facias.

39 1498 42 1499 ’
107 1523 111 1529 .
139 1491 441 1548 Suspicionem
476 1490 682 1533 movebat
711 1489 782 1532 vel
810 1505 837 1532 a
866 1497 1004 1533 metro
1034 1505 1077 1533 v,
1108 1491 1192 1533 536
1223 1524 1232 1533 .
1266 1524 1274 1532 .
1307 1524 1316 1533 .
1349 1492 1477 1534 datur
1497 1491 1666 1545 probis,·

36 1582 38 1586 >
114 1601 116 1606 ,
138 1558 360 1602 reicienda
388 1558 475 1600 fuit
505 1573 548 1600 v.
579 1558 664 1600 322
694 1559 960 1601 coniectura:

324 1665 466 1707 Minus
495 1667 550 1702 est
578 1677 695 1712 quam
723 1676 857 1703 servus
885 1665 1077 1709 dominus,
1109 1666 1176 1712 qui
1203 1676 1295 1703 suos
1323 1665 1439 1702 t-inaet.

136 1762 193 1805 V.
223 1763 304 1806 307
337 1762 368 1818 (.
401 1795 410 1804 .
443 1796 452 1804 .
483 1763 596 1816 iynis
624 1762 777 1818 potest)
817 1763 1016 1819 quintum
1044 1761 1207 1819 pedem
1246 1762 1462 1818 spondeus
1500 1759 1663 1817 explet,

137 1838 187 1874 ut
215 1830 344 1888 modo
374 1829 581 1884 vidimus,
611 1844 700 1872 non
728 1829 915 1889 iambus.
974 1829 1186 1886 Adeoque
1207 1828 1421 1872 Publilius
1451 1830 1496 1871 in
1518 1829 1666 1885 quinta

27 1952 31 1956 λ
138 1898 242 1942 sede
270 1896 485 1941 vocabula
513 1897 701 1940 iambica
731 1895 931 1951 evitavit,
963 1903 1011 1939 ut
1040 1912 1083 1938 v.
1104 1897 1204 1951 584,
1236 1911 1362 1953 quem
1391 1895 1565 1954 plurimi
1587 1909 1664 1952 pro

37 1956 41 1961 „
64 2000 67 2002 -
88 2000 90 2002 ψ
139 1967 310 2010 senario
330 1965 508 2018 habent,
538 1959 953 2008 maluer‘itseribere
965 1966 1111 2020 possit,
1145 1979 1274 2022 quam
1295 1964 1412 2021 quod
1432 1963 1505 2005 lex
1524 1977 1664 2018 gram-

138 2032 298 2076 matica
326 2031 590 2091 postulabat,
614 2036 760 2087 potest.
804 2032 959 2090 ,Multa
987 2033 1034 2074 in
1062 2039 1290 2089 utramque
1319 2038 1487 2089 partem
1517 2030 1666 2087 dispu-

138 2102 223 2144 tari
252 2115 380 2159 posse
409 2100 464 2142 de
485 2101 743 2144 ,coniectura
771 2107 921 2153 nostra
950 2100 1007 2142 ad
1038 2115 1080 2142 V.
1111 2091 1192 2142 65¹1
1224 2099 1391 2157 prolata

503 2205 587 2245 Vim·
617 2195 791 2245 boni'est
818 2208 963 2245 nescire
993 2207 1184 2245 iniuriam
1206 2207 1307 2253 pati,

36 2295 38 2297 ‚
99 2300 101 2303 ¹
139 2306 226 2363 ipsi
254 2305 491 2347 amicorum
511 2303 883 2346 admonitionibus
906 2305 1077 2361 experti
1099 2318 1258 2346 sumus
1309 2302 1397 2345 Sed
1418 2299 1667 2357 scrupulum

139 2373 346 2416 iniectum
371 2371 431 2414 de
460 2372 606 2414 iambo
636 2372 682 2413 in
711 2371 823 2430 pede
855 2372 1005 2428 quinto
1035 2371 1226 2413 admisso
1257 2370 1412 2412 eximit
1442 2383 1484 2411 v.
1514 2368 1597 2411 592

466 2478 589 2527 Saepe
617 2478 848 2527 iquoscendo
878 2478 942 2516 des
973 2478 1143 2515 iniuriae
1172 2477 1307 2519 locum,

57 2575 68 2581 ”
139 2567 395 2633 praesertim
425 2590 522 2618 cum
551 2590 637 2617 non
667 2576 724 2618 sit
754 2575 1013 2617 vocabulum
1042 2572 1329 2630 bisyllabum‚
1369 2570 1484 2628 quod
1515 2569 1662 2611 sedem

142 2643 338 2701 quintam
374 2643 564 2698 obtinet3
605 2657 686 2684 nec
721 2642 858 2684 firmis
897 2642 1164 2697 argumentis
1196 2640 1338 2682 evinci
1367 2644 1530 2695 potest,
1570 2651 1664 2677 eum

34 2711 39 2730 ³
88 2750 90 2752 .
143 2702 219 2767 qui
246 2711 414 2752 nesciat
442 2710 647 2753 iniuriam
676 2710 783 2766 pati,
814 2709 1059 2751 necessario
1092 2708 1180 2750 dici
1209 2708 1350 2750 virum
1376 2706 1535 2759 fortem.
1597 2703 1665 2745 Cf.

131 2776 243 2825 ,Sen.
275 2777 330 2820 de
358 2778 531 2835 provid.
565 2778 602 2830 1,
633 2777 673 2820 5.
705 2777 746 2818 6.
777 2776 818 2830 2,
854 2777 890 2816 1.
920 2775 961 2816 4.
994 2775 1033 2817 6.
1067 2775 1107 2817 9.
1138 2775 1178 2828 3,
1214 2776 1234 2815 1
1258 2780 1338 2815 ete.
1398 2771 1665 2815 Sententiam

144 2844 260 2902 quod
295 2846 474 2901 attinet,
513 2845 755 2903 promptior
793 2856 896 2885 sane
934 2848 1000 2884 est
1038 2841 1271 2899 explicatio
1306 2839 1523 2882 hominem
1553 2837 1665 2887 chri-

143 2912 332 2955 stianum
369 2912 612 2956 correxisse
649 2913 858 2955 iniuriam
893 2911 1049 2964 facere,
1089 2923 1217 2966 quam
1255 2907 1482 2951 librarium
1517 2906 1665 2970 pescio
