1956 3308
306 164 386 206 144
900 172 960 203 DE
991 171 1205 205 moninus.

334 279 397 317 98.
430 273 757 326 Quietissimam
795 273 927 314 vitam
965 278 1143 327 agerent
1172 272 1364 314 homines
1394 272 1438 313 in
1468 271 1616 324 territi,
1654 271 1692 312 si
1720 271 1804 312 duo

431 340 537 382 haee
566 340 698 382 verba
729 354 751 380 e
779 345 933 381 natura
962 352 1102 380 rerum
1133 337 1399 381 tollerentur:
1430 352 1569 381 meum
1601 343 1643 378 et
1671 343 1804 379 tuum.

334 412 398 449 99.
430 406 518 459 Qui
548 411 844 463 paupertatem
873 406 1009 458 timet,
1044 419 1170 462 quam
1199 404 1375 447 timidus
1405 405 1491 447 est!

306 480 397 517 100.
429 473 556 515 Vires
586 478 680 516 tuas
710 472 836 514 amici
859 472 928 515 ’tui
957 472 1096 527 magis
1126 471 1314 514 sentiant
1342 470 1561 513 beneficiis
1591 483 1717 526 quam
1739 470 1802 512 in-

430 554 613 582 miurus.

310 612 398 650 101.
430 606 620 648 Pecunia
648 620 734 648 non
765 606 893 648 satiat
921 605 1169 658 avaritiam,
1204 605 1280 646 sed
1309 604 1470 658 irritat,
1500 609 1544 646 et
1571 603 1668 646 ideo
1697 617 1804 645 sem-

431 688 508 731 per
537 672 718 728 indiget.

310 746 398 784 102.
429 740 618 782 Pecunia
647 740 685 782 si
714 739 796 781 tibi
827 745 906 793 est,
938 739 1068 792 †eius
1097 752 1228 780 usura
1257 736 1460 780 moribus.

308 812 398 849 103.
431 807 541 849 Mihi
572 807 719 848 crede:
751 821 837 848 non
866 811 986 862 potes
1004 819 1111 847 esse
1139 804 1263 848 dives
1294 810 1336 846 et
1364 803 1485 846 felix.

309 878 400 917 104.
433 873 624 916 Auribus
655 872 921 929 frequentius
951 886 1078 928 quam
1107 870 1255 927 lingua
1283 876 1415 913 utere.

309 945 396 984 105.
430 939 654 996 Quidquid
685 940 876 983 dicturus
908 953 968 992 es,
997 944 1225 994 antequam
1254 936 1367 992 aliis,
1397 937 1477 979 tibi
1509 937 1655 979 dicito.

308 1013 400 1050 106.
431 1006 555 1048 Nihil
592 1008 770 1048 interest
807 1007 919 1048 inter
955 1006 1109 1047 iratum
1141 1012 1182 1047 et
1215 1005 1413 1046 insanum
1442 1004 1525 1046 nisi
1554 1019 1665 1046 unus
1695 1003 1806 1045 dies:

432 1073 541 1116 alter
570 1088 739 1130 semper
768 1073 941 1125 insanit,
971 1071 1079 1114 alter
1109 1071 1211 1113 dum
1240 1071 1452 1114 irascitur.

310 1146 398 1184 107.
430 1139 656 1182 Facillime
692 1140 816 1183 bonis
854 1139 1032 1192 frueris,
1072 1139 1108 1179 si
1139 1152 1187 1180 ea
1217 1137 1425 1180 vitaveris
1455 1150 1563 1193 quae
1593 1138 1805 1193 vitupera·

430 1209 560 1250 veris.

309 1279 401 1316 108.
434 1274 543 1316 Cum
573 1273 679 1316 alios
709 1274 919 1323 timueris,
950 1278 1039 1315 tum
1069 1278 1111 1314 te
1141 1273 1281 1328 ipsum
1303 1271 1490 1313 maxime
1511 1283 1679 1312 verere:
1711 1284 1808 1311 nam

434 1342 526 1383 sine
554 1340 652 1383 aliis
683 1355 808 1398 saepe
839 1354 932 1382 esse
963 1346 1096 1396 poteS‚
1127 1340 1220 1381 sine
1249 1344 1292 1380 te
1321 1351 1566 1394 numquam.

308 1413 397 1451 109.
431 1401 478 1451 Si
507 1407 618 1450 bene
647 1414 691 1450 te
720 1408 991 1461 instruxeris,
1023 1406 1181 1462 pudeat
1209 1412 1253 1447 te
1282 1405 1494 1447 deteriora
1523 1404 1678 1446 facere.

416 1591 468 1629 98
499 1591 683 1628 Aristides
704 1590 749 1626 II
762 1602 825 1638 py.
849 1589 928 1627 331
958 1579 1000 1624 τὸ
1020 1581 1093 1637 γὰρ
1115 1581 1162 1624 οὗ
1182 1579 1224 1624 τὸ
1245 1578 1317 1624 adv
1337 1584 1465 1632 τοῦτο,
1485 1578 1571 1622 ἀλλ’
1597 1576 1689 1633 ἐμὸν
1708 1575 1807 1634 ἆρχὴ

305 1642 430 1694 πάσης
460 1644 701 1693 φιλονεικίας
815 1645 866 1682 99
899 1644 1075 1680 timendus
1104 1646 1224 1692 vulyo.
1285 1644 1390 1680 Lact.
1419 1645 1504 1679 inst.
1535 1643 1581 1689 6,
1605 1643 1654 1678 17
1683 1641 1808 1677 ‘Nemo

307 1703 463 1749 dubitat,
495 1705 581 1751 quin
601 1701 713 1739 timidi
733 1702 780 1737 sit
801 1702 903 1737 animi
925 1706 1085 1736 metuere
1103 1697 1328 1748 egestatem’.
1445 1698 1523 1736 100
1554 1698 1673 1735 Haud
1689 1699 1812 1734 imme-

306 1762 378 1796 rito
403 1759 566 1796 Orellius
584 1759 686 1795 hanc
707 1759 931 1793 sententiam
947 1757 998 1792 ad
1015 1765 1138 1792 mores
1154 1756 1383 1792 christianos
1398 1754 1714 1791 accommodatam
1727 1763 1810 1789 esse

307 1820 450 1861 censet,
472 1826 556 1851 cum
571 1816 739 1861 pristina
758 1813 887 1860 forma
910 1813 1084 1849 videatur
1099 1811 1246 1859 fuisse.-
1275 1811 1374 1847 vires
1397 1815 1474 1847 tuas
1495 1809 1595 1846 amici
1615 1807 1808 1854 beneficiis,

304 1872 434 1907 inimici
462 1871 598 1906 iniuriis
619 1870 785 1906 sentiant.
847 1867 905 1915 Cf.
931 1867 1113 1930 Χεηορῖι.
1125 1867 1283 1904 Memor.
1307 1866 1353 1912 2,
1374 1865 1420 1912 3,
1444 1864 1513 1901 14.
1543 1862 1723 1900 πλείστου
1744 1860 1807 1898 δο-

304 1927 366 1962 κεῖ
382 1918 485 1974 ἀνὴρ
507 1921 670 1962 ἐπαίνου
689 1917 795 1969 ἄξιος
816 1915 960 1969 εἶναι,
950 1917 993 1966 ὃς
1011 1934 1063 1959 αν
1083 1917 1224 1973 φθάνῃ
1252 1915 1343 1965 τοὺς
1363 1916 1436 1968 μὲν
1454 1917 1661 1968 πολεμίους
1682 1917 1810 1963 κακῶς

307 1980 453 2028 ποιῶν,
486 1993 577 2025 τους
605 1976 647 2018 δὲ
676 1977 818 2029 φίλους
846 1972 1070 2027 εὐεργετῶν.
1127 1979 1256 2015 Livius
1284 1978 1333 2027 7
1349 1976 1424 2023 40,
1447 1977 1469 2013 7
1593 1975 1670 2013 101
1703 1975 1806 2012 Seni.

310 2039 421 2076 Sexti
435 2038 512 2075 137
536 2035 776 2085 inexplebilis
797 2042 852 2072 est
873 2036 987 2072 omnis
1007 2034 1195 2082 cupiditas,
1215 2038 1406 2082 propterea
1425 2037 1462 2069 et
1481 2042 1623 2080 semper
1641 2029 1807 2079 indiget'.

405 2092 483 2131 102
514 2094 614 2130 cuius
637 2103 742 2129 usura
763 2091 906 2128 moibus
929 2090 990 2128 GS
1002 2090 1040 2136 V,
1062 2092 1136 2126 nisi
1155 2090 1255 2137 quod
1284 2089 1315 2126 V
1331 2087 1456 2124 morbi.
1559 2086 1637 2125 103
1669 2086 1806 2123 Auson.

318 2150 394 2188 VII
411 2150 502 2196 Sap.
525 2149 566 2195 4,
588 2148 611 2184 2
701 2147 779 2184 104
811 2147 868 2194 Cf.
891 2146 914 2193 S
936 2146 974 2183 9.
1032 2146 1167 2182 Anton.
1192 2149 1227 2182 et
1247 2145 1356 2181 Max.
1378 2155 1443 2191 ap.
1467 2142 1656 2187 Omnium,
1679 2151 1808 2189 opusc.

307 2211 402 2242 sent.
426 2205 473 2252 2,
497 2204 598 2250 146,
620 2205 664 2241 9:
694 2203 774 2246 τοῖς
805 2195 871 2238 ὠσὶ
895 2198 1011 2238 πλέον
1032 2212 1055 2247 η
1078 2198 1126 2251 τῇ
1145 2195 1295 2251 γλώττῃ
1315 2197 1414 2247 χρῶ,
1436 2198 1537 2236 Stob.
1555 2200 1643 2245 slor-
1667 2197 1734 2244 36,
1758 2197 1807 2234 19

421 2261 497 2298 106
530 2261 630 2297 Ρίιιι.
653 2259 804 2296 Catonis
825 2261 911 2295 mai.
935 2258 1197 2305 apophtheym.
1223 2256 1272 2294 16
1301 2249 1368 2291 τὸν
1389 2247 1640 2303 ὀργιζόμενον
1659 2246 1810 2301 ἐνόμιζε

306 2315 377 2353 τοῦ
395 2311 634 2364 μαινομένου
654 2309 778 2376 χρόνῳ
800 2309 1013 2361 διαφέρειν.
1059 2313 1254 2349 Philemon
1275 2323 1338 2358 ap.
1362 2310 1460 2348 Stob.
1480 2312 1566 2357 flor.
1590 2309 1656 2356 20,
1677 2307 1703 2344 4
1721 2319 1807 2356 μαι-

307 2368 462 2420 νόμεθα
481 2366 635 2415 πάντες,
659 2364 804 2407 ὁπόταν
824 2362 1188 2418 οργιζωμεθα,ιὺιᾰ
1212 2367 1278 2414 20,
1300 2367 1365 2404 68.
1406 2366 1491 2402 Sen.
1514 2364 1700 2410 detra]
1725 2363 1805 2410 1‚2

308 2428 471 2473 ‘Quidam
500 2438 541 2463 ex
572 2426 790 2475 sapientibus
818 2426 900 2462 viris
922 2426 1009 2462 iram
1029 2423 1194 2460 dixerunt
1213 2422 1352 2460 brevem
1373 2420 1572 2459 insaniam’.
1632 2419 1810 2457 Similiter

309 2485 399 2522 Cato
421 2485 638 2521 ebrietatem
660 2484 756 2519 dixit
778 2492 859 2519 esse
882 2482 1134 2519 noluntariam
1153 2481 1362 2525 insaniam,
1389 2478 1572 2514 Ammian.
1593 2475 1719 2512 Marc.
1744 2474 1808 2520 15,

312 2540 375 2586 12,
398 2539 438 2586 4,
461 2539 550 2576 Seu.
574 2541 680 2585 epist.
704 2538 770 2584 83,
795 2538 858 2575 18.
899 2537 1011 2574 Haec
1031 2538 1231 2581 sententia,
1253 2540 1293 2572 ul
1313 2534 1336 2580 S
1360 2532 1560 2571 107.108.
1581 2530 1657 2568 109
1680 2529 1813 2567 cotom·

310 2597 491 2633 tribuitur
511 2598 549 2631 in
571 2596 652 2631 cod
674 2594 709 2630 P
807 2593 891 2629 dum
911 2593 964 2629 P.-
986 2591 1163 2628 interdum
1186 2590 1248 2628 GS
1361 2589 1436 2626 107
1466 2582 1588 2636 bonis]
1609 2585 1700 2622 bona
1722 2585 1808 2622 sama

308 2654 404 2689 coni.
436 2650 687 2688 Schenkelius
802 2649 879 2687 108
912 2643 1500 2707 Plut.apophth.0c1t3mai.9.·
1532 2639 1696 2690 μάλιστα
1723 2634 1806 2678 ἐνό-

307 2704 391 2754 μιζε
422 2703 505 2743 δεῖν
533 2701 695 2742 ἕκαστον
715 2697 837 2741 αὑτὸν
858 2700 1076 2740 αἰδεῖσθαι·
1107 2697 1257 2750 μηδένα
1275 2695 1348 2750 γὰρ
1367 2694 1507 2736 ἑαυτοῦ
1526 2693 1717 2746 μηδέποτε
1737 2708 1808 2745 χω·

311 2759 371 2809 ρὶς
392 2755 503 2799 εἶναι.
565 2760 967 2809 Stob.llor.31,11,
1000 2770 1118 2806 supra
1141 2759 1268 2795 adnot.
1291 2757 1343 2793 ad
1360 2755 1383 2802 S
1405 2754 1470 2792 59.
1586 2750 1677 2801 tum]
1700 2758 1738 2789 tu
1758 2752 1811 2793 1²,-

305 2830 372 2855 om.
395 2820 501 2866 vulqo
619 2817 694 2854 109
726 2816 901 2853 ‹lutei-iura
923 2788 1053 2864 sa'eere]
1076 2814 1289 2850 deteriorem
1309 2810 1385 2848 fieri
1406 2811 1503 2847 coni.
1528 2809 1783 2846 Schenkelius
