1956 3308
741 265 1103 297 PROLEGOMENA.
1631 259 1646 299 1
1662 258 1677 298 1

14 355 36 391 {³
74 363 99 417 :J
162 368 276 422 liret,
307 367 451 410 mimis
474 367 706 410 inserebat.
766 368 933 425 Itaque,
967 369 1040 425 qui
1061 368 1233 411 domum
1254 369 1418 426 aliquid
1440 385 1495 412 ex
1517 371 1681 414 theatro

103 454 108 461 ·
162 436 324 479 referre
354 435 506 489 vellet,
547 435 755 490 habebat,
795 436 911 492 quod
941 442 1117 493 propter
1147 436 1323 478 brevem
1352 437 1562 480 ambitum
1593 454 1681 480 ccr-

162 511 315 561 tosque
344 504 586 546 iamborum
615 503 971 550 trochaeorumve
998 505 1108 546 ictus
1129 504 1307 546 auribus
1329 504 1456 547 facile
1477 506 1684 549 insideret

90 571 96 579 ’
161 573 393 629 animoque
435 571 697 629 insculptum
740 579 948 614 maneret.
1007 572 1068 614 Iis
1107 573 1333 614 sententiis
1372 574 1461 614 iam
1493 574 1682 629 Augusti

162 640 428 698 temporibus
459 646 603 682 tantus
634 640 679 681 in
709 639 1116 698 rhetorum-scholis
1147 631 1321 682 habitus
1353 641 1606 695 est'honor,
1637 650 1683 684 ut

155 707 391 766 discipulis
420 702 621 764 exemplo
651 708 1061 765 proponerentur*),
1093 715 1298 764 tantaque
1327 722 1473 749 earum
1503 708 1587 751 fuit
1610 709 1683 751 ad-

162 779 335 820 miratio
365 777 479 818 inter
506 775 876 829 adulescentulos,
908 782 955 817 ut
985 775 1216 817 verborum
1245 774 1414 817 aculeos
1446 783 1487 818 et
1516 792 1682 819 mucro·

162 861 261 900 nes,
292 844 527 897 antitheta,
558 842 864 885 translationes
895 843 1125 899 variosque
1154 841 1317 884 colores
1349 843 1505 897 imitati
1534 844 1589 885 ad
1619 846 1682 886 in-

163 914 328 956 saniam
372 926 510 968 usque
546 910 865 967 detorquerent.
925 910 1068 952 Huius
1106 909 1357 951 sententiosi
1394 912 1565 966 generis
1603 918 1683 964 cst,

161 979 369 1039 quicquid
398 979 490 1029 fere
519 993 724 1020 versuum
753 977 1098 1020 Publilianorum
1129 992 1154 1018 a
1191 976 1407 1019 Senecis
1448 985 1598 1035 patre
1631 986 1681 1020 et

162 1049 285 1092 filio
314 1047 504 1100 affertur,
535 1046 614 1088 sed
643 1047 905 1100 memoriter,
937 1045 1052 1102 quod
1073 1060 1129 1087 ex
1149 1045 1248 1088 Sen.
1270 1052 1465 1087 controV.
1488 1061 1560 1102 pg.
1583 1047 1680 1099 206,

163 1118 193 1159 4
222 1131 285 1173 sq.
316 1115 442 1157 Burs.
474 1114 750 1172 perspicuum
781 1120 860 1155 est.
921 1113 1089 1154 Pariter
1120 1112 1325 1155 Senecam
1365 1112 1682 1170 philosophum,

165 1199 274 1242 quos
311 1182 506 1225 laudavit
542 1180 781 1223 versiculos
817 1195 903 1222 non
940 1195 995 1222 ex
1032 1180 1156 1222 libris
1188 1179 1493 1236 descripsisse,
1532 1180 1609 1222 sed
1640 1181 1682 1221 in

163 1252 331 1295 theatro
360 1249 583 1292 audivisse
612 1249 749 1306 ipsius
779 1247 914 1290 verba
943 1253 1091 1304 aperte
1121 1246 1323 1304 produnt,
1355 1249 1480 1304 epist.
1518 1248 1610 1301 108,
1641 1248 1681 1289 8.

165 1320 212 1362 9:
255 1318 408 1362 Nonne
443 1319 572 1367 vides,
619 1317 963 1370 qzwmadmodum
1007 1316 1169 1357 theatra
1213 1319 1451 1366 consoment,
1499 1316 1683 1368 quotiens

164 1388 311 1442 aliqua
347 1388 458 1429 dicta
491 1388 607 1436 sunt,
653 1399 759 1438 quae
792 1384 956 1438 publice
993 1383 1256 1437 aynosco‘nms
1285 1384 1334 1424 εἴ
1350 1396 1548 1424 consensu
1577 1397 1675 1424 vera

114 1478 117 1480 ·
165 1470 249 1498 esse
277 1453 510 1498 testamur?

463 1531 616 1569 Desunt
646 1530 797 1577 inopiae
825 1529 968 1572 multa,
999 1528 1189 1566 avaritiae
1218 1529 1360 1565 omnia.

165 1619 272 1660 ibid.
289 1621 314 1671 ξ
338 1619 406 1659 12:
441 1617 546 1660 Cum
566 1617 665 1658 haec
685 1619 808 1668 atque
827 1614 1027 1669 eiusmodi
1047 1615 1245 1655 audimus
1260 1617 1328 1655 cte.
1362 1613 1502 1670 Epist.
1521 1614 1588 1666 94,
1606 1614 1682 1655 43:

492 1709 556 1749 Ab
586 1710 662 1747 alio
691 1712 874 1757 expectes,
905 1708 1016 1746 allen
1045 1707 1161 1755 quod,
1173 1707 1317 1753 limeris.
1361 1741 1376 1747 -

168 1799 287 1841 Haec
326 1812 418 1840 eum
456 1799 539 1839 ictu
585 1796 764 1849 quodam
801 1795 998 1836 amamus
1034 1797 1102 1835 etc.
1164 1791 1316 1844 Quid?
1363 1792 1477 1850 quod
1522 1793 1686 1835 Seneca

167 1867 315 1909 rhetor
344 1873 392 1908 ut
422 1863 602 1907 Publilii
633 1863 890 1906 sententiam
920 1862 1030 1903 hanc
1059 1859 1228 1902 attulit:

467 1958 620 1996 Desunt
649 1958 827 1995 luxuriae
856 1957 997 1999 multa,
1028 1955 1216 1992 avaritiae
1245 1955 1389 1998 omnia,

168 2047 243 2104 qui
273 2045 389 2087 idem
419 2058 571 2086 versus
600 2044 646 2085 in
675 2043 835 2084 nostris
866 2039 1088 2084 codicibus
1120 2039 1181 2080 sic
1211 2039 1397 2080 traditus
1428 2046 1515 2080 ost:

309 2134 474 2181 inopiae
496 2143 637 2185 parva¹
657 2130 752 2181 (leg.
776 2128 925 2178 pauca)
958 2130 1114 2174 desunt,
1145 2131 1333 2168 avare'ticw
1362 2129 1503 2165 smmi«.

170 2209 260 2274 Qui
291 2219 511 2261 dissensus
541 2215 656 2258 haud
678 2217 766 2258 scio
787 2216 923 2258 auita
945 2214 1228 2273 explicandus
1251 2215 1321 2267 sit,
1352 2220 1399 2254 ut
1420 2211 1493 2254 ziut
1514 2212 1680 2269 lapsum

169 2288 402 2330 memoriae
438 2285 616 2346 subesse
646 2290 719 2325 aut
750 2282 980 2325 histriones
1012 2282 1148 2325 verba
1179 2297 1255 2324 suo
1285 2280 1463 2323 arbitrio
1495 2280 1686 2321 variasse

170 2361 423 2397 statuamus.

281 2422 341 2464 Ut
370 2426 514 2462 autem
543 2420 589 2460 in
618 2418 806 2461 Senecae
839 2416 1085 2474 philosophi
1116 2416 1238 2459 libris
1269 2414 1403 2456 multa
1433 2419 1585 2455 extant
1616 2428 1684 2470 pa-

169 2495 318 2545 ternae
356 2486 610 2543 disciplinae
648 2485 855 2540 vestigia,
894 2490 942 2525 ut
980 2483 1048 2525 vel
1087 2485 1131 2525 in
1171 2482 1297 2524 rebus
1337 2481 1513 2523 minutis
1551 2480 1686 2536 patris

170 2554 417 2612 exemplum
455 2551 818 2610 expresserit**),
863 2551 923 2592 ita
960 2550 1140 2592 mirifice
1181 2550 1432 2600 concinunt,
1471 2561 1579 2603 quae
1614 2545 1685 2587 ille

169 2637 242 2680 pg.
273 2622 377 2675 206,
412 2622 460 2662 11
499 2619 698 2662 Cassium
737 2618 944 2661 Severum
983 2617 1037 2658 de
1075 2614 1263 2659 Publilio
1301 2614 1515 2656 (licentem
1556 2612 1682 2654 favit:

171 2690 304 2732 multa
333 2688 449 2742 apud
476 2701 569 2730 eum
599 2686 744 2728 melius
773 2699 856 2727 esse
885 2685 1014 2735 dicta,
1048 2697 1174 2738 quam
1204 2683 1320 2737 apud
1348 2694 1594 2735 quemquam
1625 2694 1684 2721 co-

262 2777 299 2826 *)
324 2779 409 2813 Sen.
434 2778 526 2811 rhet.
551 2779 628 2817 202,
652 2778 695 2808 24
721 2777 823 2808 Burs.
849 2773 1107 2808 Publilianum
1132 2772 1245 2812 dedit,
1269 2774 1347 2813 211,
1365 2773 1407 2804 24
1434 2768 1686 2803 Publilianam

98 2820 108 2826 ⁶
171 2833 388 2868 sententiam
413 2832 515 2868 dedit
539 2830 672 2866 Festus
696 2829 847 2874 quidam
870 2831 1003 2863 orator.

240 2887 300 2930 ⁴³⁴¹)
324 2889 575 2923 Animadverti
599 2897 665 2920 ex-
682 2897 734 2929 gr.
759 2890 948 2928 utrumque
974 2885 1195 2918 abstinuisse
1214 2882 1391 2917 vocabulo
1409 2881 1487 2921 etsi,
1512 2887 1549 2915 et
1571 2882 1682 2914 vitan·

177 2943 247 2977 dne
272 2941 518 2988 amphiboliae
544 2953 657 2977 causa
682 2941 902 2985 praetulisse
928 2939 1081 2975 etiamsi.
