1956 3308
666 228 1032 265 PRomieonsm.
1557 226 1608 270 31

0 324 22 381 '¹
92 328 310 385 congestis
367 343 526 372 vanam
582 330 808 387 gloriolam
865 342 1059 392 captaret
1116 351 1322 394 suamque
1378 337 1611 381 editionem

31 408 34 419 ·
91 397 306 451 omnium,
346 412 458 454 quae
495 397 704 442 hactenus
742 399 881 443 lucem
920 402 1156 459 vidissent,
1195 404 1489 462 plenissimam
1518 421 1612 448 esse

90 463 375 521 praedicaret.
435 465 563 507 Hanc
591 473 758 510 tantam
777 468 929 512 iudicii
948 472 1278 527 perversitatem
1299 471 1468 515 duobus
1487 475 1611 520 annis

89 537 190 589 post
224 532 383 574 iterum
421 533 637 589 prodidit,
676 549 774 578 cum
812 538 1047 580 sententias
1077 538 1312 582 Bothianas
1352 539 1449 597 plus
1484 555 1610 597 quam

88 605 327 653 trecentas,
370 615 477 657 quas
515 601 610 659 ipse
640 617 696 644 ex
726 603 902 646 incertis
944 592 1136 649 fontibus
1166 606 1341 650 haustas
1372 620 1467 649 esse
1495 615 1610 650 recte

88 666 382 722 intellexerat,
414 668 704 725 supplementi
733 669 826 712 loco
857 672 1013 714 iterum
1044 673 1233 716 edendas
1263 675 1444 717 curavit.
1490 674 1608 728 Quo-

90 734 234 776 minus
272 740 419 777 tamen
455 735 691 779 editionem
727 737 867 780 bonae
891 740 1043 795 ⁴frugis
1075 748 1297 798 expertem
1327 756 1421 784 esse
1451 742 1608 796 dicam,

89 800 324 859 prohibent
359 816 468 849 cuin
493 802 601 858 alia,
638 810 730 846 tum
768 805 1070 850 adnotationes
1113 809 1324 864 quaedam
1353 809 1397 851 J.
1429 809 1608 866 Caspari

31 890 44 895 κ
90 868 245 912 Orellii
274 870 364 913 suis
394 869 501 913 locis
531 872 734 914 insertae.

110 986 114 991 ,
203 937 348 979 Frid.
371 937 530 982 Henr.
551 939 802 995 Bothius‚
824 948 1047 999 poetarum
1067 944 1360 986 scaenicorum
1380 943 1606 987 latinorum

89 1004 231 1047 editor
260 1004 504 1060 (Halberst.
528 1007 652 1061 1824,
682 1008 803 1065 Lips.
832 1010 971 1065 1834),
1002 1017 1146 1052 utrum
1175 1010 1271 1067 plus
1301 1011 1404 1054 boni
1424 1026 1479 1052 an
1506 1012 1606 1053 mali

15 1075 17 1078 ⁴
71 1070 287 1115 ‘attulerit
306 1072 513 1128 Publilio,
542 1089 630 1116 non
659 1075 789 1118 facile
819 1083 884 1119 est
913 1078 968 1119 ad
1000 1078 1339 1121 diiudicandum.
1381 1079 1491 1120 Nam
1512 1086 1609 1136 post

86 1139 334 1183 Bentleium
369 1156 497 1183 nemo
527 1142 766 1200 Publilium
803 1143 963 1200 edidit,
1002 1147 1076 1202 qui
1114 1147 1175 1188 ita
1211 1146 1388 1189 haberet
1417 1147 1605 1189 senario-

20 1219 23 1223 ’
86 1222 183 1249 rum
200 1207 332 1264 ‘leges
360 1215 634 1266 perspectas,
672 1225 799 1253 nemo
829 1212 904 1268 qui
933 1213 1263 1270 transponendis
1293 1213 1440 1256 verbis
1469 1221 1606 1256 metro

12 1267 23 1310 ’ἶ
86 1274 259 1318 felicius
287 1276 556 1325 mederetur;
587 1292 667 1320 nec
696 1279 840 1322 minus
870 1294 1021 1322 verum
1042 1287 1107 1323 est
1133 1283 1347 1323 neminem
1367 1287 1488 1323 tanta
1507 1296 1604 1323 con-

12 1351 13 1355 ’
82 1343 286 1387 *ieetandiv
307 1343 485 1387 licentia
512 1352 757 1401 grassatum
788 1361 905 1401 esse,
935 1349 1150 1390 neminem
1180 1355 1268 1390 tam
1297 1355 1446 1406 aperte
1475 1349 1603 1390 inter-

18 1407 19 1410 *
85 1410 263 1468 polandi
293 1412 365 1455 ius
393 1412 479 1455 sibi
508 1427 750 1468 arrogasse.
810 1415 917 1457 Cum
947 1422 1093 1457 autem
1123 1431 1324 1458 versuum
1349 1417 1603 1473 spuriorum,

19 1493 23 1499 ’
85 1479 125 1521 si
154 1485 260 1536 quos
291 1480 480 1522 editores
500 1487 601 1523 ante
622 1495 719 1523 eum
740 1482 852 1524 male
871 1490 1136 1540 receperant,
1167 1484 1339 1526 iteratio
1361 1498 1410 1526 eo
1432 1484 1604 1526 nomine

25 1570 31 1581 ÷
85 1548 287 1589 excusari
315 1554 478 1605 posset,
510 1548 624 1605 quod
656 1563 711 1590 ex
739 1549 964 1592 codicibus
984 1550 1253 1608 interpolatis
1274 1550 1449 1592 deducti
1469 1558 1602 1605 erant,

27 1659 48 1673 Ι,
84 1613 270 1657 Bothius
298 1615 427 1657 titulo
457 1629 483 1656 a
514 1615 703 1659 Grutero
733 1618 955 1675 proposito
986 1618 1054 1660 ‘L.
1074 1619 1244 1660 Annaei
1275 1619 1462 1662 Senecae
1491 1625 1532 1660 et
1554 1618 1601 1659 P.

20 1716 22 1719 .
47 1673 50 1675 Δ
86 1682 188 1740 Syri
215 1683 361 1738 mimi,
398 1683 548 1725 forsan
586 1684 716 1726 etiam
753 1684 945 1727 aliorum*
973 1686 1214 1742 singulares
1244 1686 1498 1728 sententiae'
1527 1685 1600 1727 ab·

19 1775 23 1778 >
83 1765 188 1792 usus
219 1765 269 1794 eo
298 1752 511 1808 processit
539 1751 761 1806 audaciae,
791 1759 840 1794 ut
870 1767 925 1794 ex
953 1753 1365 1811 paroemiographis,
1396 1767 1451 1794 ex
1471 1753 1600 1794 Eras-

27 1830 32 1876 ζ
83 1818 145 1860 mi
163 1818 366 1874 Adagiis,
395 1819 502 1861 item
532 1833 587 1860 ex
617 1819 835 1862 Joaehimi
856 1820 1095 1864 Camerarii
1126 1828 1168 1864 et
1194 1821 1296 1864 Jani
1317 1820 1476 1877 Anysii
1506 1834 1600 1862 sen·

27 1883 37 1939 ἶ,
83 1886 244 1939 tentiis
281 1886 520 1944 permultas
569 1887 852 1943 immisceret,
904 1903 1014 1945 quae
1062 1888 1249 1931 Publilio
1297 1887 1601 1944 veteribusque

36 2007 38 2013 7
82 1959 260 2012 propter
296 1953 556 2011 elegantiam
595 1956 904 1998 sententiarum
942 1956 1186 2014 probosque
1223 1956 1485 1998 senariorum
1523 1970 1599 1996 nu-

27 2043 30 2045 ·
55 2034 223 2064 -meres
260 2036 349 2064 non
384 2021 593 2078 indignae
623 2022 898 2078 viderentur,
941 2024 1072 2081 idque
1102 2038 1197 2065 cum
1228 2023 1313 2065 sibi
1341 2022 1599 2078 indulgeret,

1 2106 3 2122 1
35 2073 39 2076 .
83 2086 327 2144 legentibus
356 2105 413 2132 ne
441 2096 609 2133 tantum
641 2091 816 2147 quidem
846 2091 1022 2145 tribuit,
1059 2097 1109 2132 ut
1136 2091 1253 2133 unde
1281 2105 1416 2133 novos
1446 2104 1598 2132 versus

3 2137 43 2210 3ss
82 2158 339 2214 sumpsisset
381 2158 545 2215 ubique
588 2159 840 2201 nominatim
887 2158 1094 2200 diceret..
1123 2159 1205 2200 Oui
1249 2157 1435 2200 lubidini
1473 2157 1598 2214 plane

1 2243 5 2249 ‚
34 2217 43 2233 ”
83 2225 345 2267 eontrarium
375 2232 456 2281 est,
488 2225 603 2282 quod
635 2226 750 2268 idem
781 2225 1015 2283 permultos
1047 2240 1197 2267 versus
1222 2226 1268 2267 in
1287 2225 1461 2282 optimis
1482 2224 1596 2266 codi-

35 2275 57 2352 ’
81 2290 206 2352 pibus
243 2293 359 2336 inter
386 2293 656 2336 Publilianos
694 2294 878 2337 traditos
916 2293 1087 2336 stellula
1121 2292 1272 2335 addita
1308 2293 1353 2334 in
1391 2293 1595 2349 suspicio-

38 2356 54 2419 ,
80 2373 180 2404 nem
216 2375 374 2404 vocare
410 2361 528 2403 haud
567 2361 800 2404 dubitavit.
860 2361 982 2403 Haec
1011 2362 1154 2403 omnia
1182 2360 1284 2402 licet
1313 2375 1388 2402 suo
1417 2359 1598 2401 arbitrio

81 2428 244 2484 egisset
273 2453 324 2459 —-
357 2430 552 2472 codicem
582 2429 697 2470 enim
728 2429 898 2471 viderat
927 2428 1092 2470 nullum
1112 2454 1167 2459 —
1196 2428 1257 2469 ita
1286 2434 1428 2469 tamen
1459 2426 1594 2483 philo—

3 2492 5 2496 ’
40 2495 67 2510 ”
81 2491 192 2551 logis
221 2510 345 2539 suam
375 2511 522 2540 curam
551 2496 768 2554 probavit,
799 2502 847 2539 ut
878 2497 969 2538 eius
1000 2495 1134 2538 editio
1164 2509 1240 2552 per
1268 2493 1432 2552 aliquot
1461 2493 1594 2537 lustra

32 2555 158 2623 ss-pro
185 2564 349 2621 optima
377 2564 623 2607 haberetur.

43 2627 62 2679 ᾖ
190 2630 340 2674 Bothii
360 2633 561 2689 vestigiis
584 2632 807 2688 ingressus
829 2637 894 2673 est
925 2629 1147 2673 Carolus
1178 2628 1382 2671 Zellius
1414 2628 1591 2683 (Aucto-

6 2742 8 2746 ,
43 2687 172 2742 sfum
201 2698 482 2742 classicorum
514 2700 743 2742 latinorum
775 2699 861 2742 vol.
895 2698 953 2740 X.
985 2698 1147 2752 Stuttg.
1181 2696 1330 2751 1829),
1373 2697 1417 2737 in
1448 2694 1593 2736 multis

0 2763 4 2772 ²
52 2790 54 2795 -
78 2762 257 2820 invitm,
289 2767 327 2809 si
349 2767 525 2824 quidem
546 2767 783 2809 sententias
803 2780 829 2806 a
850 2765 1006 2807 Botbio
1023 2764 1210 2817 additas,
1242 2777 1346 2819 quas
1367 2777 1392 2803 a
1413 2761 1591 2803 Publilii

50 2854 53 2855 ’
79 2830 270 2875 editione
311 2834 474 2876 alienas
520 2849 614 2876 esse
658 2839 938 2891 perspexerat
983 2832 1163 2888 (passim
1202 2832 1313 2872 enim
1351 2828 1591 2880 adnotavit,

8 2936 9 2939 η
78 2898 193 2945 unde
220 2899 400 2943 haustae
431 2902 610 2957 essent),
642 2901 751 2943 hanc
782 2900 837 2942 ob
868 2913 1040 2941 eausam
1072 2898 1255 2954 recepit,
1289 2911 1341 2938 ne
1370 2910 1472 2938 suae
1502 2895 1589 2937 edi-
