<?xml version="1.0" encoding="UTF-8"?>
<!DOCTYPE html PUBLIC "-//W3C//DTD XHTML 1.0 Transitional//EN"
    "http://www.w3.org/TR/xhtml1/DTD/xhtml1-transitional.dtd">
<html xmlns="http://www.w3.org/1999/xhtml" xml:lang="en" lang="en">
 <head>
  <title>
</title>
<meta http-equiv="Content-Type" content="text/html;charset=utf-8" />
  <meta name='ocr-system' content='tesseract 3.04.00' />
  <meta name='ocr-capabilities' content='ocr_page ocr_carea ocr_par ocr_line ocrx_word'/>
</head>
<body>
  <div class='ocr_page' id='page_1' title='image "./publiliisyrisent00publuoft_0139.png"; bbox 0 0 1956 3308; ppageno 0'>
   <div class='ocr_carea' id='block_1_1' title="bbox 552 254 1695 295">
    <p class='ocr_par' dir='ltr' id='par_1_1' title="bbox 552 254 1695 295">
     <span class='ocr_line' id='line_1_1' title="bbox 552 254 1695 295; baseline 0.006 -7"><span class='ocrx_word' id='word_1_1' title='bbox 552 257 694 288; x_wconf 71' lang='lat' dir='ltr'>mma</span> <span class='ocrx_word' id='word_1_2' title='bbox 724 257 1031 291; x_wconf 56' lang='lat' dir='ltr'>pumannum</span> <span class='ocrx_word' id='word_1_3' title='bbox 1063 259 1321 292; x_wconf 66' lang='lat' dir='ltr'>ascerus.</span> <span class='ocrx_word' id='word_1_4' title='bbox 1617 254 1695 295; x_wconf 87' lang='lat'>133</span> 
     </span>
    </p>
   </div>
   <div class='ocr_carea' id='block_1_2' title="bbox 161 357 1692 2174">
    <p class='ocr_par' dir='ltr' id='par_1_2' title="bbox 161 357 1692 2174">
     <span class='ocr_line' id='line_1_2' title="bbox 285 357 1309 417; baseline 0.005 -17"><span class='ocrx_word' id='word_1_5' title='bbox 285 361 465 417; x_wconf 84' lang='lat' dir='ltr'><strong>Semper</strong></span> <span class='ocrx_word' id='word_1_6' title='bbox 493 357 709 401; x_wconf 82' lang='lat' dir='ltr'>redundat</span> <span class='ocrx_word' id='word_1_7' title='bbox 738 359 832 417; x_wconf 88' lang='lat' dir='ltr'>ipse</span> <span class='ocrx_word' id='word_1_8' title='bbox 861 361 907 403; x_wconf 91' lang='lat' dir='ltr'>in</span> <span class='ocrx_word' id='word_1_9' title='bbox 937 366 1136 404; x_wconf 82' lang='lat' dir='ltr'><strong>auctores</strong></span> <span class='ocrx_word' id='word_1_10' title='bbox 1166 362 1309 405; x_wconf 90' lang='lat' dir='ltr'>timor.</span> 
     </span>
     <span class='ocr_line' id='line_1_3' title="bbox 283 426 1160 483; baseline 0.002 -13"><span class='ocrx_word' id='word_1_11' title='bbox 283 426 433 470; x_wconf 87' lang='lat' dir='ltr'>Servis</span> <span class='ocrx_word' id='word_1_12' title='bbox 464 426 676 483; x_wconf 87' lang='lat' dir='ltr'>imperare</span> <span class='ocrx_word' id='word_1_13' title='bbox 704 427 926 470; x_wconf 86' lang='lat' dir='ltr'>moderate</span> <span class='ocrx_word' id='word_1_14' title='bbox 955 427 1047 471; x_wconf 86' lang='lat' dir='ltr'>laus</span> <span class='ocrx_word' id='word_1_15' title='bbox 1078 434 1160 472; x_wconf 86' lang='lat' dir='ltr'>est.</span> 
     </span>
     <span class='ocr_line' id='line_1_4' title="bbox 284 493 1245 539; baseline 0.002 -2"><span class='ocrx_word' id='word_1_16' title='bbox 284 493 503 537; x_wconf 86' lang='lat' dir='ltr'>Severitas</span> <span class='ocrx_word' id='word_1_17' title='bbox 533 493 710 537; x_wconf 86' lang='lat' dir='ltr'>assidua</span> <span class='ocrx_word' id='word_1_18' title='bbox 738 495 900 538; x_wconf 89' lang='lat' dir='ltr'>amittit</span> <span class='ocrx_word' id='word_1_19' title='bbox 928 496 1245 539; x_wconf 84' lang='lat' dir='ltr'>auctoritatem.</span> 
     </span>
     <span class='ocr_line' id='line_1_5' title="bbox 283 561 1594 622; baseline 0.004 -18"><span class='ocrx_word' id='word_1_20' title='bbox 283 561 569 604; x_wconf 82' lang='lat' dir='ltr'>Severitatem</span> <span class='ocrx_word' id='word_1_21' title='bbox 598 562 806 616; x_wconf 88' lang='lat' dir='ltr'>abditam,</span> <span class='ocrx_word' id='word_1_22' title='bbox 837 562 1109 606; x_wconf 84' lang='lat' dir='ltr'>elementiam</span> <span class='ocrx_word' id='word_1_23' title='bbox 1138 565 1184 607; x_wconf 90' lang='lat' dir='ltr'>in</span> <span class='ocrx_word' id='word_1_24' title='bbox 1212 565 1438 622; x_wconf 84' lang='lat' dir='ltr'>procinctu</span> <span class='ocrx_word' id='word_1_25' title='bbox 1467 566 1594 609; x_wconf 83' lang='lat' dir='ltr'>habe.</span> 
     </span>
     <span class='ocr_line' id='line_1_6' title="bbox 170 628 1692 690; baseline 0.004 -19"><span class='ocrx_word' id='word_1_26' title='bbox 170 632 252 671; x_wconf 88' lang='grc'>345</span> <span class='ocrx_word' id='word_1_27' title='bbox 284 628 357 672; x_wconf 86' lang='lat' dir='ltr'>Sie</span> <span class='ocrx_word' id='word_1_28' title='bbox 385 629 591 686; x_wconf 83' lang='lat' dir='ltr'>prodesto</span> <span class='ocrx_word' id='word_1_29' title='bbox 619 630 774 684; x_wconf 87' lang='lat' dir='ltr'>amieo,</span> <span class='ocrx_word' id='word_1_30' title='bbox 805 645 860 672; x_wconf 92' lang='lat' dir='ltr'>ne</span> <span class='ocrx_word' id='word_1_31' title='bbox 889 630 972 673; x_wconf 89' lang='lat' dir='ltr'>tibi</span> <span class='ocrx_word' id='word_1_32' title='bbox 1001 645 1179 686; x_wconf 86' lang='lat' dir='ltr'>noeeas;</span> <span class='ocrx_word' id='word_1_33' title='bbox 1211 632 1274 674; x_wconf 88' lang='lat' dir='ltr'>sie</span> <span class='ocrx_word' id='word_1_34' title='bbox 1303 647 1385 688; x_wconf 86' lang='lat' dir='ltr'>age</span> <span class='ocrx_word' id='word_1_35' title='bbox 1410 632 1613 690; x_wconf 86' lang='lat' dir='ltr'>alienum,</span> <span class='ocrx_word' id='word_1_36' title='bbox 1645 643 1692 678; x_wconf 88' lang='lat' dir='ltr'>ut</span> 
     </span>
     <span class='ocr_line' id='line_1_7' title="bbox 880 698 1690 758; baseline 0.004 -17"><span class='ocrx_word' id='word_1_37' title='bbox 880 704 1004 741; x_wconf 86' lang='lat' dir='ltr'>tuum</span> <span class='ocrx_word' id='word_1_38' title='bbox 1031 713 1119 741; x_wconf 87' lang='lat' dir='ltr'>non</span> <span class='ocrx_word' id='word_1_39' title='bbox 1149 698 1424 744; x_wconf 82' lang='lat' dir='ltr'>obliviscaris</span> <span class='ocrx_word' id='word_1_40' title='bbox 1455 703 1690 758; x_wconf 84' lang='lat' dir='ltr'>negotium.</span> 
     </span>
     <span class='ocr_line' id='line_1_8' title="bbox 282 763 1289 824; baseline 0.002 -18"><span class='ocrx_word' id='word_1_41' title='bbox 282 763 386 807; x_wconf 88' lang='lat' dir='ltr'>Sine</span> <span class='ocrx_word' id='word_1_42' title='bbox 416 770 529 807; x_wconf 88' lang='lat' dir='ltr'>teste</span> <span class='ocrx_word' id='word_1_43' title='bbox 558 764 726 807; x_wconf 87' lang='lat' dir='ltr'>nullum</span> <span class='ocrx_word' id='word_1_44' title='bbox 756 779 852 808; x_wconf 87' lang='lat' dir='ltr'>esse</span> <span class='ocrx_word' id='word_1_45' title='bbox 879 766 1103 824; x_wconf 86' lang='lat' dir='ltr'>putaveris</span> <span class='ocrx_word' id='word_1_46' title='bbox 1134 765 1289 810; x_wconf 89' lang='lat' dir='ltr'>locum.</span> 
     </span>
     <span class='ocr_line' id='line_1_9' title="bbox 281 831 1542 892; baseline 0.003 -18"><span class='ocrx_word' id='word_1_47' title='bbox 281 832 330 875; x_wconf 88' lang='lat' dir='ltr'>Si</span> <span class='ocrx_word' id='word_1_48' title='bbox 359 832 456 889; x_wconf 89' lang='lat' dir='ltr'>quis</span> <span class='ocrx_word' id='word_1_49' title='bbox 484 831 541 874; x_wconf 90' lang='lat' dir='ltr'>ab</span> <span class='ocrx_word' id='word_1_50' title='bbox 571 831 656 875; x_wconf 86' lang='lat' dir='ltr'>alio</span> <span class='ocrx_word' id='word_1_51' title='bbox 686 832 821 876; x_wconf 86' lang='lat' dir='ltr'>iratus</span> <span class='ocrx_word' id='word_1_52' title='bbox 852 848 1012 891; x_wconf 87' lang='lat' dir='ltr'>poenas</span> <span class='ocrx_word' id='word_1_53' title='bbox 1043 835 1226 891; x_wconf 80' lang='lat' dir='ltr'>expetit,</span> <span class='ocrx_word' id='word_1_54' title='bbox 1256 849 1283 876; x_wconf 91' lang='lat' dir='ltr'>a</span> <span class='ocrx_word' id='word_1_55' title='bbox 1312 849 1359 876; x_wconf 89' lang='lat' dir='ltr'>se</span> <span class='ocrx_word' id='word_1_56' title='bbox 1389 836 1542 892; x_wconf 83' lang='lat' dir='ltr'>exigit.</span> 
     </span>
     <span class='ocr_line' id='line_1_10' title="bbox 282 899 750 954; baseline 0 -11"><span class='ocrx_word' id='word_1_57' title='bbox 282 899 331 943; x_wconf 87' lang='lat' dir='ltr'>Si</span> <span class='ocrx_word' id='word_1_58' title='bbox 360 900 429 942; x_wconf 89' lang='lat' dir='ltr'>vis</span> <span class='ocrx_word' id='word_1_59' title='bbox 459 900 610 954; x_wconf 85' lang='lat' dir='ltr'>amari,</span> <span class='ocrx_word' id='word_1_60' title='bbox 639 915 750 943; x_wconf 87' lang='lat' dir='ltr'>ama.</span> 
     </span>
     <span class='ocr_line' id='line_1_11' title="bbox 282 967 1410 1026; baseline 0.002 -16"><span class='ocrx_word' id='word_1_61' title='bbox 282 967 501 1010; x_wconf 78' lang='lat' dir='ltr'>solacium</span> <span class='ocrx_word' id='word_1_62' title='bbox 529 967 697 1024; x_wconf 84' lang='lat' dir='ltr'>grande</span> <span class='ocrx_word' id='word_1_63' title='bbox 727 974 793 1011; x_wconf 87' lang='lat' dir='ltr'>est</span> <span class='ocrx_word' id='word_1_64' title='bbox 824 983 920 1010; x_wconf 90' lang='lat' dir='ltr'>eum</span> <span class='ocrx_word' id='word_1_65' title='bbox 950 971 1156 1012; x_wconf 87' lang='lat' dir='ltr'>universo</span> <span class='ocrx_word' id='word_1_66' title='bbox 1185 983 1273 1011; x_wconf 90' lang='lat' dir='ltr'>una</span> <span class='ocrx_word' id='word_1_67' title='bbox 1302 970 1410 1026; x_wconf 87' lang='lat' dir='ltr'>rapi.</span> 
     </span>
     <span class='ocr_line' id='line_1_12' title="bbox 168 1035 1316 1094; baseline 0.001 -17"><span class='ocrx_word' id='word_1_68' title='bbox 168 1039 252 1079; x_wconf 87' lang='lat'>350</span> <span class='ocrx_word' id='word_1_69' title='bbox 281 1035 509 1079; x_wconf 83' lang='lat' dir='ltr'>Sordidius</span> <span class='ocrx_word' id='word_1_70' title='bbox 538 1035 674 1079; x_wconf 91' lang='lat' dir='ltr'>multo</span> <span class='ocrx_word' id='word_1_71' title='bbox 704 1035 895 1079; x_wconf 88' lang='lat' dir='ltr'>vivimus</span> <span class='ocrx_word' id='word_1_72' title='bbox 927 1051 1056 1094; x_wconf 87' lang='lat' dir='ltr'>quam</span> <span class='ocrx_word' id='word_1_73' title='bbox 1086 1037 1316 1080; x_wconf 83' lang='lat' dir='ltr'>nascimur.</span> 
     </span>
     <span class='ocr_line' id='line_1_13' title="bbox 280 1102 1686 1161; baseline 0.004 -16"><span class='ocrx_word' id='word_1_74' title='bbox 280 1102 513 1160; x_wconf 85' lang='lat' dir='ltr'>Spiritum,</span> <span class='ocrx_word' id='word_1_75' title='bbox 555 1118 684 1161; x_wconf 87' lang='lat' dir='ltr'>quem</span> <span class='ocrx_word' id='word_1_76' title='bbox 720 1118 831 1146; x_wconf 85' lang='lat' dir='ltr'>unus</span> <span class='ocrx_word' id='word_1_77' title='bbox 869 1105 952 1147; x_wconf 92' lang='lat' dir='ltr'>tibi</span> <span class='ocrx_word' id='word_1_78' title='bbox 987 1104 1130 1159; x_wconf 84' lang='lat' dir='ltr'>dedit,</span> <span class='ocrx_word' id='word_1_79' title='bbox 1169 1104 1272 1147; x_wconf 84' lang='lat' dir='ltr'>lieet</span> <span class='ocrx_word' id='word_1_80' title='bbox 1301 1105 1518 1148; x_wconf 86' lang='lat' dir='ltr'>minentur</span> <span class='ocrx_word' id='word_1_81' title='bbox 1548 1107 1686 1161; x_wconf 85' lang='lat' dir='ltr'>multi,</span> 
     </span>
     <span class='ocr_line' id='line_1_14' title="bbox 874 1172 1686 1229; baseline 0.004 -15"><span class='ocrx_word' id='word_1_82' title='bbox 874 1187 962 1215; x_wconf 90' lang='lat' dir='ltr'>non</span> <span class='ocrx_word' id='word_1_83' title='bbox 990 1172 1159 1229; x_wconf 87' lang='lat' dir='ltr'>perdes,</span> <span class='ocrx_word' id='word_1_84' title='bbox 1190 1172 1276 1214; x_wconf 90' lang='lat' dir='ltr'>nisi</span> <span class='ocrx_word' id='word_1_85' title='bbox 1304 1187 1416 1215; x_wconf 89' lang='lat' dir='ltr'>unus</span> <span class='ocrx_word' id='word_1_86' title='bbox 1445 1173 1686 1217; x_wconf 86' lang='lat' dir='ltr'>abstulerit.</span> 
     </span>
     <span class='ocr_line' id='line_1_15' title="bbox 278 1237 1687 1298; baseline 0.003 -18"><span class='ocrx_word' id='word_1_87' title='bbox 278 1237 467 1281; x_wconf 82' lang='lat' dir='ltr'>Stultum</span> <span class='ocrx_word' id='word_1_88' title='bbox 497 1245 584 1293; x_wconf 86' lang='lat' dir='ltr'>est,</span> <span class='ocrx_word' id='word_1_89' title='bbox 624 1241 698 1296; x_wconf 91' lang='lat' dir='ltr'>qui</span> <span class='ocrx_word' id='word_1_90' title='bbox 727 1238 1048 1282; x_wconf 78' lang='lat' dir='ltr'>multitudinem</span> <span class='ocrx_word' id='word_1_91' title='bbox 1078 1240 1125 1281; x_wconf 89' lang='lat' dir='ltr'>in</span> <span class='ocrx_word' id='word_1_92' title='bbox 1154 1239 1247 1282; x_wconf 91' lang='lat' dir='ltr'>loco</span> <span class='ocrx_word' id='word_1_93' title='bbox 1276 1240 1422 1294; x_wconf 88' lang='lat' dir='ltr'>timet,</span> <span class='ocrx_word' id='word_1_94' title='bbox 1453 1255 1532 1298; x_wconf 88' lang='lat' dir='ltr'>per</span> <span class='ocrx_word' id='word_1_95' title='bbox 1560 1256 1687 1298; x_wconf 89' lang='lat' dir='ltr'>quem</span> 
     </span>
     <span class='ocr_line' id='line_1_16' title="bbox 873 1307 1497 1364; baseline -0.002 -14"><span class='ocrx_word' id='word_1_96' title='bbox 873 1307 959 1350; x_wconf 86' lang='lat' dir='ltr'>nisi</span> <span class='ocrx_word' id='word_1_97' title='bbox 988 1322 1099 1353; x_wconf 88' lang='lat' dir='ltr'>unus</span> <span class='ocrx_word' id='word_1_98' title='bbox 1129 1313 1270 1364; x_wconf 88' lang='lat' dir='ltr'>potest</span> <span class='ocrx_word' id='word_1_99' title='bbox 1300 1308 1497 1349; x_wconf 82' lang='lat' dir='ltr'>transire.</span> 
     </span>
     <span class='ocr_line' id='line_1_17' title="bbox 278 1370 1371 1432; baseline 0 -17"><span class='ocrx_word' id='word_1_100' title='bbox 278 1373 468 1416; x_wconf 87' lang='lat' dir='ltr'>Stultum</span> <span class='ocrx_word' id='word_1_101' title='bbox 498 1379 564 1416; x_wconf 89' lang='lat' dir='ltr'>est</span> <span class='ocrx_word' id='word_1_102' title='bbox 591 1374 759 1428; x_wconf 88' lang='lat' dir='ltr'>timere,</span> <span class='ocrx_word' id='word_1_103' title='bbox 790 1375 906 1432; x_wconf 91' lang='lat' dir='ltr'>quod</span> <span class='ocrx_word' id='word_1_104' title='bbox 936 1375 1068 1417; x_wconf 88' lang='lat' dir='ltr'>vitari</span> <span class='ocrx_word' id='word_1_105' title='bbox 1097 1389 1186 1418; x_wconf 89' lang='lat' dir='ltr'>non</span> <span class='ocrx_word' id='word_1_106' title='bbox 1214 1370 1371 1431; x_wconf 81' lang='lat' dir='ltr'>potest.</span> 
     </span>
     <span class='ocr_line' id='line_1_18' title="bbox 277 1439 1339 1499; baseline 0 -16"><span class='ocrx_word' id='word_1_107' title='bbox 277 1439 466 1484; x_wconf 85' lang='lat' dir='ltr'>Stultum</span> <span class='ocrx_word' id='word_1_108' title='bbox 495 1442 709 1498; x_wconf 89' lang='lat' dir='ltr'>imperare</span> <span class='ocrx_word' id='word_1_109' title='bbox 738 1441 933 1499; x_wconf 86' lang='lat' dir='ltr'>reliquis,</span> <span class='ocrx_word' id='word_1_110' title='bbox 964 1443 1039 1499; x_wconf 92' lang='lat' dir='ltr'>qui</span> <span class='ocrx_word' id='word_1_111' title='bbox 1068 1443 1209 1493; x_wconf 86' lang='lat' dir='ltr'>nescit</span> <span class='ocrx_word' id='word_1_112' title='bbox 1239 1441 1339 1484; x_wconf 87' lang='lat' dir='ltr'>sibi.</span> 
     </span>
     <span class='ocr_line' id='line_1_19' title="bbox 311 1508 1344 1566; baseline 0.002 -16"><span class='ocrx_word' id='word_1_113' title='bbox 311 1508 579 1551; x_wconf 90' lang='lat' dir='ltr'>Suavissima</span> <span class='ocrx_word' id='word_1_114' title='bbox 607 1508 715 1551; x_wconf 85' lang='lat' dir='ltr'>haec</span> <span class='ocrx_word' id='word_1_115' title='bbox 744 1515 810 1551; x_wconf 86' lang='lat' dir='ltr'>est</span> <span class='ocrx_word' id='word_1_116' title='bbox 829 1510 945 1564; x_wconf 50' lang='lat' dir='ltr'>²vita,</span> <span class='ocrx_word' id='word_1_117' title='bbox 976 1509 1014 1551; x_wconf 89' lang='lat' dir='ltr'>si</span> <span class='ocrx_word' id='word_1_118' title='bbox 1045 1509 1188 1566; x_wconf 89' lang='lat' dir='ltr'>sapias</span> <span class='ocrx_word' id='word_1_119' title='bbox 1219 1508 1344 1552; x_wconf 90' lang='lat' dir='ltr'>nihil.</span> 
     </span>
     <span class='ocr_line' id='line_1_20' title="bbox 164 1508 1374 1688; baseline 0.002 -71"><span class='ocrx_word' id='word_1_120' title='bbox 164 1552 216 1591; x_wconf 81' lang='lat'>35</span> <span class='ocrx_word' id='word_1_121' title='bbox 276 1508 421 1688; x_wconf 45' lang='lat' dir='ltr'>ssNam</span> <span class='ocrx_word' id='word_1_122' title='bbox 451 1590 604 1633; x_wconf 84' lang='lat' dir='ltr'>sapere</span> <span class='ocrx_word' id='word_1_123' title='bbox 634 1575 697 1618; x_wconf 92' lang='lat' dir='ltr'>nil</span> <span class='ocrx_word' id='word_1_124' title='bbox 725 1576 887 1620; x_wconf 90' lang='lat' dir='ltr'>doloris</span> <span class='ocrx_word' id='word_1_125' title='bbox 918 1591 1074 1634; x_wconf 86' lang='lat' dir='ltr'>expers</span> <span class='ocrx_word' id='word_1_126' title='bbox 1105 1582 1171 1619; x_wconf 86' lang='lat' dir='ltr'>est</span> <span class='ocrx_word' id='word_1_127' title='bbox 1199 1575 1374 1619; x_wconf 88' lang='lat' dir='ltr'>malum.</span> 
     </span>
     <span class='ocr_line' id='line_1_21' title="bbox 307 1643 1137 1700; baseline 0 -14"><span class='ocrx_word' id='word_1_128' title='bbox 307 1643 480 1686; x_wconf 86' lang='lat' dir='ltr'>ubieeta</span> <span class='ocrx_word' id='word_1_129' title='bbox 510 1657 681 1700; x_wconf 86' lang='lat' dir='ltr'>semper</span> <span class='ocrx_word' id='word_1_130' title='bbox 709 1643 905 1687; x_wconf 88' lang='lat' dir='ltr'>invidiae</span> <span class='ocrx_word' id='word_1_131' title='bbox 934 1643 1137 1687; x_wconf 85' lang='lat' dir='ltr'>felicitas.</span> 
     </span>
     <span class='ocr_line' id='line_1_22' title="bbox 275 1706 1211 1770; baseline -0.002 -16"><span class='ocrx_word' id='word_1_132' title='bbox 275 1706 471 1755; x_wconf 86' lang='lat' dir='ltr'>Subinde</span> <span class='ocrx_word' id='word_1_133' title='bbox 500 1710 578 1754; x_wconf 89' lang='lat' dir='ltr'>bos</span> <span class='ocrx_word' id='word_1_134' title='bbox 609 1710 774 1754; x_wconf 85' lang='lat' dir='ltr'>alienus</span> <span class='ocrx_word' id='word_1_135' title='bbox 804 1717 1052 1770; x_wconf 86' lang='lat' dir='ltr'>prospectat</span> <span class='ocrx_word' id='word_1_136' title='bbox 1082 1711 1211 1754; x_wconf 87' lang='lat' dir='ltr'>foras.</span> 
     </span>
     <span class='ocr_line' id='line_1_23' title="bbox 275 1775 1252 1837; baseline -0.001 -15"><span class='ocrx_word' id='word_1_137' title='bbox 275 1778 485 1837; x_wconf 83' lang='lat' dir='ltr'>Suspecta</span> <span class='ocrx_word' id='word_1_138' title='bbox 515 1793 684 1837; x_wconf 89' lang='lat' dir='ltr'>semper</span> <span class='ocrx_word' id='word_1_139' title='bbox 714 1775 966 1822; x_wconf 75' lang='lat' dir='ltr'>ornamenta</span> <span class='ocrx_word' id='word_1_140' title='bbox 995 1778 1252 1822; x_wconf 86' lang='lat' dir='ltr'>ementibus.</span> 
     </span>
     <span class='ocr_line' id='line_1_24' title="bbox 274 1845 1356 1905; baseline 0 -17"><span class='ocrx_word' id='word_1_141' title='bbox 274 1846 437 1889; x_wconf 84' lang='lat' dir='ltr'>Tacere</span> <span class='ocrx_word' id='word_1_142' title='bbox 466 1861 544 1903; x_wconf 87' lang='lat' dir='ltr'>pro</span> <span class='ocrx_word' id='word_1_143' title='bbox 574 1861 621 1889; x_wconf 88' lang='lat' dir='ltr'>se</span> <span class='ocrx_word' id='word_1_144' title='bbox 650 1853 857 1905; x_wconf 84' lang='lat' dir='ltr'>praestat,</span> <span class='ocrx_word' id='word_1_145' title='bbox 889 1861 1017 1905; x_wconf 87' lang='lat' dir='ltr'>quam</span> <span class='ocrx_word' id='word_1_146' title='bbox 1048 1852 1196 1889; x_wconf 86' lang='lat' dir='ltr'>eontra</span> <span class='ocrx_word' id='word_1_147' title='bbox 1225 1845 1356 1904; x_wconf 88' lang='lat' dir='ltr'>loqui.</span> 
     </span>
     <span class='ocr_line' id='line_1_25' title="bbox 161 1913 1680 1972; baseline -0.001 -14"><span class='ocrx_word' id='word_1_148' title='bbox 161 1919 245 1958; x_wconf 88' lang='lat'>360</span> <span class='ocrx_word' id='word_1_149' title='bbox 274 1914 461 1957; x_wconf 82' lang='lat' dir='ltr'>Tamdiu</span> <span class='ocrx_word' id='word_1_150' title='bbox 489 1929 515 1956; x_wconf 91' lang='lat' dir='ltr'>a</span> <span class='ocrx_word' id='word_1_151' title='bbox 543 1915 735 1972; x_wconf 83' lang='lat' dir='ltr'>periculo</span> <span class='ocrx_word' id='word_1_152' title='bbox 775 1915 916 1958; x_wconf 84' lang='lat' dir='ltr'>aberit</span> <span class='ocrx_word' id='word_1_153' title='bbox 946 1913 1152 1972; x_wconf 87' lang='lat' dir='ltr'>populus,</span> <span class='ocrx_word' id='word_1_154' title='bbox 1192 1913 1398 1970; x_wconf 88' lang='lat' dir='ltr'>quamdiu</span> <span class='ocrx_word' id='word_1_155' title='bbox 1428 1916 1538 1958; x_wconf 81' lang='lat' dir='ltr'>sciet</span> <span class='ocrx_word' id='word_1_156' title='bbox 1566 1916 1680 1957; x_wconf 77' lang='lat' dir='ltr'>ferre</span> 
     </span>
     <span class='ocr_line' id='line_1_26' title="bbox 869 1982 1030 2024; baseline 0 0"><span class='ocrx_word' id='word_1_157' title='bbox 869 1982 1030 2024; x_wconf 88' lang='lat' dir='ltr'>frenos.</span> 
     </span>
     <span class='ocr_line' id='line_1_27' title="bbox 210 2042 1491 2106; baseline 0 -15"><span class='ocrx_word' id='word_1_158' title='bbox 210 2042 213 2045; x_wconf 53' lang='grc'><em>’</em></span> <span class='ocrx_word' id='word_1_159' title='bbox 273 2049 460 2091; x_wconf 88' lang='lat' dir='ltr'>Tamdiu</span> <span class='ocrx_word' id='word_1_160' title='bbox 489 2049 743 2092; x_wconf 88' lang='lat' dir='ltr'>discendum</span> <span class='ocrx_word' id='word_1_161' title='bbox 773 2056 839 2092; x_wconf 87' lang='lat' dir='ltr'>est</span> <span class='ocrx_word' id='word_1_162' title='bbox 867 2050 1046 2103; x_wconf 87' lang='lat' dir='ltr'>homini,</span> <span class='ocrx_word' id='word_1_163' title='bbox 1077 2049 1283 2106; x_wconf 83' lang='lat' dir='ltr'>quamdiu</span> <span class='ocrx_word' id='word_1_164' title='bbox 1311 2049 1491 2092; x_wconf 88' lang='lat' dir='ltr'>neseiat.</span> 
     </span>
     <span class='ocr_line' id='line_1_28' title="bbox 273 2115 1533 2174; baseline 0 -16"><span class='ocrx_word' id='word_1_165' title='bbox 273 2116 379 2158; x_wconf 89' lang='lat' dir='ltr'>Tam</span> <span class='ocrx_word' id='word_1_166' title='bbox 410 2117 611 2160; x_wconf 90' lang='lat' dir='ltr'>omnibus</span> <span class='ocrx_word' id='word_1_167' title='bbox 643 2132 770 2174; x_wconf 90' lang='lat' dir='ltr'>quam</span> <span class='ocrx_word' id='word_1_168' title='bbox 802 2116 909 2160; x_wconf 90' lang='lat' dir='ltr'>nulli</span> <span class='ocrx_word' id='word_1_169' title='bbox 939 2118 1162 2173; x_wconf 77' lang='lat' dir='ltr'>ignoscere</span> <span class='ocrx_word' id='word_1_170' title='bbox 1192 2123 1257 2159; x_wconf 86' lang='lat' dir='ltr'>est</span> <span class='ocrx_word' id='word_1_171' title='bbox 1287 2115 1533 2159; x_wconf 87' lang='lat' dir='ltr'>erudelitas.</span> 
     </span>
    </p>
   </div>
   <div class='ocr_carea' id='block_1_3' title="bbox 155 2255 1676 2922">
    <p class='ocr_par' dir='ltr' id='par_1_3' title="bbox 155 2255 1676 2922">
     <span class='ocr_line' id='line_1_29' title="bbox 271 2255 1676 2304; baseline 0 -10"><span class='ocrx_word' id='word_1_172' title='bbox 271 2256 350 2294; x_wconf 87' lang='lat'>341</span> <span class='ocrx_word' id='word_1_173' title='bbox 383 2257 447 2294; x_wconf 85' lang='lat' dir='ltr'>Ps.</span> <span class='ocrx_word' id='word_1_174' title='bbox 470 2256 554 2294; x_wconf 86' lang='lat' dir='ltr'>Sen.</span> <span class='ocrx_word' id='word_1_175' title='bbox 575 2257 619 2294; x_wconf 90' lang='lat' dir='ltr'>de</span> <span class='ocrx_word' id='word_1_176' title='bbox 647 2259 697 2294; x_wconf 84' lang='lat' dir='ltr'>ira</span> <span class='ocrx_word' id='word_1_177' title='bbox 720 2257 766 2304; x_wconf 85' lang='lat'>2,</span> <span class='ocrx_word' id='word_1_178' title='bbox 790 2257 863 2303; x_wconf 95' lang='grc'>11,</span> <span class='ocrx_word' id='word_1_179' title='bbox 885 2257 910 2294; x_wconf 88' lang='grc'><strong>3</strong></span> <span class='ocrx_word' id='word_1_180' title='bbox 932 2257 1014 2294; x_wconf 86' lang='lat' dir='ltr'>coll.</span> <span class='ocrx_word' id='word_1_181' title='bbox 1036 2257 1117 2294; x_wconf 85' lang='lat' dir='ltr'>Sen.</span> <span class='ocrx_word' id='word_1_182' title='bbox 1141 2255 1266 2304; x_wconf 85' lang='lat' dir='ltr'>Oedip.</span> <span class='ocrx_word' id='word_1_183' title='bbox 1290 2256 1369 2294; x_wconf 88' lang='lat'>704</span> <span class='ocrx_word' id='word_1_184' title='bbox 1391 2256 1446 2293; x_wconf 87' lang='lat' dir='ltr'>ed.</span> <span class='ocrx_word' id='word_1_185' title='bbox 1468 2257 1573 2294; x_wconf 83' lang='lat' dir='ltr'>Both.</span> <span class='ocrx_word' id='word_1_186' title='bbox 1598 2258 1676 2294; x_wconf 78' lang='lat'>719</span> 
     </span>
     <span class='ocr_line' id='line_1_30' title="bbox 157 2312 1675 2362; baseline 0.001 -12"><span class='ocrx_word' id='word_1_187' title='bbox 157 2313 211 2350; x_wconf 87' lang='lat' dir='ltr'>ed.</span> <span class='ocrx_word' id='word_1_188' title='bbox 234 2313 332 2362; x_wconf 84' lang='lat' dir='ltr'>Peip.</span> <span class='ocrx_word' id='word_1_189' title='bbox 467 2313 548 2351; x_wconf 83' lang='lat'>342</span> <span class='ocrx_word' id='word_1_190' title='bbox 582 2313 651 2351; x_wconf 78' lang='grc' dir='ltr'>Ρη.</span> <span class='ocrx_word' id='word_1_191' title='bbox 673 2314 755 2351; x_wconf 83' lang='lat' dir='ltr'>Seu.</span> <span class='ocrx_word' id='word_1_192' title='bbox 786 2313 830 2351; x_wconf 87' lang='lat' dir='ltr'>de</span> <span class='ocrx_word' id='word_1_193' title='bbox 856 2313 959 2350; x_wconf 86' lang='lat' dir='ltr'>elem.</span> <span class='ocrx_word' id='word_1_194' title='bbox 993 2314 1037 2359; x_wconf 87' lang='lat'>1,</span> <span class='ocrx_word' id='word_1_195' title='bbox 1062 2313 1136 2359; x_wconf 84' lang='lat'>18,</span> <span class='ocrx_word' id='word_1_196' title='bbox 1162 2313 1181 2348; x_wconf 91' lang='lat'>1</span> <span class='ocrx_word' id='word_1_197' title='bbox 1317 2312 1398 2351; x_wconf 80' lang='lat'>343</span> <span class='ocrx_word' id='word_1_198' title='bbox 1429 2314 1500 2350; x_wconf 83' lang='grc' dir='ltr'>Ρη.</span> <span class='ocrx_word' id='word_1_199' title='bbox 1525 2313 1608 2350; x_wconf 83' lang='lat' dir='ltr'>Seu.</span> <span class='ocrx_word' id='word_1_200' title='bbox 1630 2314 1675 2351; x_wconf 85' lang='lat' dir='ltr'>de</span> 
     </span>
     <span class='ocr_line' id='line_1_31' title="bbox 157 2368 1674 2416; baseline 0.001 -10"><span class='ocrx_word' id='word_1_201' title='bbox 157 2369 260 2406; x_wconf 86' lang='lat' dir='ltr'>clem.</span> <span class='ocrx_word' id='word_1_202' title='bbox 286 2370 330 2415; x_wconf 91' lang='lat' dir='ltr'>l,</span> <span class='ocrx_word' id='word_1_203' title='bbox 352 2368 426 2416; x_wconf 71' lang='lat'>22„</span> <span class='ocrx_word' id='word_1_204' title='bbox 448 2369 472 2406; x_wconf 93' lang='grc'>2</span> <span class='ocrx_word' id='word_1_205' title='bbox 596 2370 677 2407; x_wconf 89' lang='grc'><strong>344</strong></span> <span class='ocrx_word' id='word_1_206' title='bbox 709 2371 774 2408; x_wconf 83' lang='lat' dir='ltr'>Go.</span> <span class='ocrx_word' id='word_1_207' title='bbox 797 2369 879 2407; x_wconf 85' lang='lat' dir='ltr'>Seu.</span> <span class='ocrx_word' id='word_1_208' title='bbox 909 2369 953 2406; x_wconf 84' lang='lat' dir='ltr'>de</span> <span class='ocrx_word' id='word_1_209' title='bbox 978 2369 1081 2406; x_wconf 86' lang='lat' dir='ltr'>clem.</span> <span class='ocrx_word' id='word_1_210' title='bbox 1107 2370 1125 2405; x_wconf 96' lang='lat'>1</span> <span class='ocrx_word' id='word_1_211' title='bbox 1140 2397 1151 2415; x_wconf 88' lang='lat'>,</span> <span class='ocrx_word' id='word_1_212' title='bbox 1175 2370 1218 2413; x_wconf 90' lang='grc'>1,</span> <span class='ocrx_word' id='word_1_213' title='bbox 1240 2368 1265 2404; x_wconf 85' lang='grc'><strong>4</strong></span> <span class='ocrx_word' id='word_1_214' title='bbox 1395 2369 1476 2406; x_wconf 90' lang='grc'><strong>345</strong></span> <span class='ocrx_word' id='word_1_215' title='bbox 1509 2369 1551 2414; x_wconf 85' lang='lat' dir='ltr'>Q.</span> <span class='ocrx_word' id='word_1_216' title='bbox 1574 2370 1674 2408; x_wconf 83' lang='lat' dir='ltr'>Caec.</span> 
     </span>
     <span class='ocr_line' id='line_1_32' title="bbox 158 2424 1674 2475; baseline 0.001 -14"><span class='ocrx_word' id='word_1_217' title='bbox 158 2425 252 2462; x_wconf 79' lang='lat' dir='ltr'>Balb.</span> <span class='ocrx_word' id='word_1_218' title='bbox 274 2425 350 2462; x_wconf 80' lang='lat' dir='ltr'>Par.</span> <span class='ocrx_word' id='word_1_219' title='bbox 373 2425 442 2473; x_wconf 87' lang='grc'>45,</span> <span class='ocrx_word' id='word_1_220' title='bbox 463 2425 528 2464; x_wconf 89' lang='lat'>46.</span> <span class='ocrx_word' id='word_1_221' title='bbox 551 2438 614 2475; x_wconf 85' lang='lat' dir='ltr'>pg.</span> <span class='ocrx_word' id='word_1_222' title='bbox 635 2426 686 2463; x_wconf 89' lang='lat'>41</span> <span class='ocrx_word' id='word_1_223' title='bbox 793 2425 874 2463; x_wconf 88' lang='grc'><strong>346</strong></span> <span class='ocrx_word' id='word_1_224' title='bbox 904 2426 950 2462; x_wconf 85' lang='lat' dir='ltr'>F.</span> <span class='ocrx_word' id='word_1_225' title='bbox 974 2426 1033 2472; x_wconf 83' lang='lat' dir='ltr'>Cf.</span> <span class='ocrx_word' id='word_1_226' title='bbox 1057 2436 1163 2473; x_wconf 81' lang='lat' dir='ltr'>supra</span> <span class='ocrx_word' id='word_1_227' title='bbox 1185 2437 1247 2473; x_wconf 82' lang='lat' dir='ltr'>pg.</span> <span class='ocrx_word' id='word_1_228' title='bbox 1276 2424 1342 2471; x_wconf 83' lang='lat'>91,</span> <span class='ocrx_word' id='word_1_229' title='bbox 1369 2425 1418 2462; x_wconf 89' lang='grc'>16</span> <span class='ocrx_word' id='word_1_230' title='bbox 1518 2426 1598 2462; x_wconf 90' lang='grc'><strong>347</strong></span> <span class='ocrx_word' id='word_1_231' title='bbox 1630 2427 1674 2463; x_wconf 88' lang='lat' dir='ltr'>F.</span> 
     </span>
     <span class='ocr_line' id='line_1_33' title="bbox 158 2480 1675 2531; baseline 0 -12"><span class='ocrx_word' id='word_1_232' title='bbox 158 2481 217 2529; x_wconf 81' lang='lat' dir='ltr'>Cf.</span> <span class='ocrx_word' id='word_1_233' title='bbox 241 2493 347 2531; x_wconf 82' lang='lat' dir='ltr'>supra</span> <span class='ocrx_word' id='word_1_234' title='bbox 368 2494 432 2531; x_wconf 74' lang='lat' dir='ltr'>pg.</span> <span class='ocrx_word' id='word_1_235' title='bbox 456 2482 550 2529; x_wconf 85' lang='grc'>107,</span> <span class='ocrx_word' id='word_1_236' title='bbox 574 2482 653 2520; x_wconf 89' lang='grc'>105</span> <span class='ocrx_word' id='word_1_237' title='bbox 782 2481 863 2519; x_wconf 87' lang='grc'>348</span> <span class='ocrx_word' id='word_1_238' title='bbox 896 2482 960 2519; x_wconf 88' lang='lat' dir='ltr'>Go.</span> <span class='ocrx_word' id='word_1_239' title='bbox 982 2482 1066 2518; x_wconf 85' lang='lat' dir='ltr'>Seu.</span> <span class='ocrx_word' id='word_1_240' title='bbox 1086 2482 1191 2529; x_wconf 85' lang='lat' dir='ltr'>epist.</span> <span class='ocrx_word' id='word_1_241' title='bbox 1217 2483 1255 2526; x_wconf 75' lang='lat'>9,</span> <span class='ocrx_word' id='word_1_242' title='bbox 1278 2480 1301 2517; x_wconf 88' lang='grc'><strong>6</strong></span> <span class='ocrx_word' id='word_1_243' title='bbox 1432 2481 1511 2518; x_wconf 78' lang='grc'>349</span> <span class='ocrx_word' id='word_1_244' title='bbox 1544 2483 1609 2518; x_wconf 86' lang='lat' dir='ltr'>Gr.</span> <span class='ocrx_word' id='word_1_245' title='bbox 1633 2493 1675 2519; x_wconf 79' lang='lat' dir='ltr'>ex</span> 
     </span>
     <span class='ocr_line' id='line_1_34' title="bbox 156 2534 1588 2586; baseline 0.001 -12"><span class='ocrx_word' id='word_1_246' title='bbox 156 2537 236 2575; x_wconf 87' lang='lat' dir='ltr'>cod.</span> <span class='ocrx_word' id='word_1_247' title='bbox 259 2538 368 2574; x_wconf 76' lang='lat' dir='ltr'>Palat.</span> <span class='ocrx_word' id='word_1_248' title='bbox 410 2537 494 2575; x_wconf 88' lang='lat' dir='ltr'>Seu.</span> <span class='ocrx_word' id='word_1_249' title='bbox 517 2538 561 2575; x_wconf 81' lang='lat' dir='ltr'>(le</span> <span class='ocrx_word' id='word_1_250' title='bbox 581 2534 724 2586; x_wconf 86' lang='lat' dir='ltr'>provid.</span> <span class='ocrx_word' id='word_1_251' title='bbox 746 2537 786 2585; x_wconf 85' lang='lat'>5,</span> <span class='ocrx_word' id='word_1_252' title='bbox 807 2537 832 2575; x_wconf 88' lang='lat'>8</span> <span class='ocrx_word' id='word_1_253' title='bbox 938 2537 1022 2575; x_wconf 88' lang='lat'>350</span> <span class='ocrx_word' id='word_1_254' title='bbox 1051 2537 1116 2574; x_wconf 87' lang='lat' dir='ltr'>Gr.</span> <span class='ocrx_word' id='word_1_255' title='bbox 1141 2549 1183 2574; x_wconf 79' lang='lat' dir='ltr'>ex</span> <span class='ocrx_word' id='word_1_256' title='bbox 1203 2536 1311 2573; x_wconf 74' lang='lat' dir='ltr'>palat.</span> <span class='ocrx_word' id='word_1_257' title='bbox 1355 2536 1402 2573; x_wconf 84' lang='lat' dir='ltr'>De</span> <span class='ocrx_word' id='word_1_258' title='bbox 1423 2548 1513 2574; x_wconf 84' lang='lat' dir='ltr'>mer.</span> <span class='ocrx_word' id='word_1_259' title='bbox 1540 2537 1588 2575; x_wconf 88' lang='lat'>19</span> 
     </span>
     <span class='ocr_line' id='line_1_35' title="bbox 157 2593 1672 2642; baseline -0.001 -11"><span class='ocrx_word' id='word_1_260' title='bbox 157 2593 235 2632; x_wconf 88' lang='grc'>351</span> <span class='ocrx_word' id='word_1_261' title='bbox 267 2595 312 2631; x_wconf 90' lang='grc' dir='ltr'>Ρ.</span> <span class='ocrx_word' id='word_1_262' title='bbox 429 2593 509 2631; x_wconf 90' lang='grc'>352</span> <span class='ocrx_word' id='word_1_263' title='bbox 542 2594 584 2639; x_wconf 84' lang='lat' dir='ltr'>Q.</span> <span class='ocrx_word' id='word_1_264' title='bbox 698 2594 780 2631; x_wconf 89' lang='lat'>353</span> <span class='ocrx_word' id='word_1_265' title='bbox 811 2594 859 2630; x_wconf 89' lang='grc' dir='ltr'>Ε.</span> <span class='ocrx_word' id='word_1_266' title='bbox 886 2593 945 2641; x_wconf 80' lang='lat' dir='ltr'>Cf.</span> <span class='ocrx_word' id='word_1_267' title='bbox 969 2604 1076 2642; x_wconf 76' lang='lat' dir='ltr'>supra</span> <span class='ocrx_word' id='word_1_268' title='bbox 1096 2605 1159 2642; x_wconf 78' lang='lat' dir='ltr'>pg.</span> <span class='ocrx_word' id='word_1_269' title='bbox 1184 2593 1278 2639; x_wconf 83' lang='lat'>107,</span> <span class='ocrx_word' id='word_1_270' title='bbox 1304 2593 1383 2630; x_wconf 91' lang='grc'>100</span> <span class='ocrx_word' id='word_1_271' title='bbox 1494 2593 1576 2630; x_wconf 85' lang='grc'>354</span> <span class='ocrx_word' id='word_1_272' title='bbox 1607 2594 1672 2632; x_wconf 80' lang='lat' dir='ltr'>Ps.</span> 
     </span>
     <span class='ocr_line' id='line_1_36' title="bbox 155 2649 1676 2699; baseline 0 -12"><span class='ocrx_word' id='word_1_273' title='bbox 155 2650 256 2687; x_wconf 77' lang='lat' dir='ltr'>Caec.</span> <span class='ocrx_word' id='word_1_274' title='bbox 279 2649 374 2687; x_wconf 82' lang='lat' dir='ltr'>Balb.</span> <span class='ocrx_word' id='word_1_275' title='bbox 396 2650 476 2687; x_wconf 82' lang='lat' dir='ltr'>Par.</span> <span class='ocrx_word' id='word_1_276' title='bbox 498 2650 573 2696; x_wconf 88' lang='lat'>35,</span> <span class='ocrx_word' id='word_1_277' title='bbox 594 2662 655 2699; x_wconf 81' lang='lat' dir='ltr'>pg.</span> <span class='ocrx_word' id='word_1_278' title='bbox 677 2649 752 2696; x_wconf 91' lang='lat'>40,</span> <span class='ocrx_word' id='word_1_279' title='bbox 778 2650 940 2687; x_wconf 80' lang='lat' dir='ltr'>Stultum</span> <span class='ocrx_word' id='word_1_280' title='bbox 968 2655 1046 2696; x_wconf 77' lang='lat' dir='ltr'>est,</span> <span class='ocrx_word' id='word_1_281' title='bbox 1074 2652 1108 2686; x_wconf 86' lang='lat' dir='ltr'>si</span> <span class='ocrx_word' id='word_1_282' title='bbox 1136 2651 1222 2686; x_wconf 79' lang='lat' dir='ltr'>velit</span> <span class='ocrx_word' id='word_1_283' title='bbox 1249 2651 1443 2696; x_wconf 79' lang='lat' dir='ltr'>imperare</span> <span class='ocrx_word' id='word_1_284' title='bbox 1471 2651 1579 2695; x_wconf 77' lang='lat' dir='ltr'>aliis,</span> <span class='ocrx_word' id='word_1_285' title='bbox 1609 2653 1676 2699; x_wconf 79' lang='lat' dir='ltr'>qm·</span> 
     </span>
     <span class='ocr_line' id='line_1_37' title="bbox 155 2704 1672 2755; baseline 0 -12"><span class='ocrx_word' id='word_1_286' title='bbox 155 2707 226 2743; x_wconf 78' lang='lat' dir='ltr'>sibi</span> <span class='ocrx_word' id='word_1_287' title='bbox 244 2708 366 2744; x_wconf 81' lang='lat' dir='ltr'>nescit</span> <span class='ocrx_word' id='word_1_288' title='bbox 388 2707 431 2751; x_wconf 83' lang='lat' dir='ltr'>Q.</span> <span class='ocrx_word' id='word_1_289' title='bbox 509 2706 588 2745; x_wconf 88' lang='lat'>355</span> <span class='ocrx_word' id='word_1_290' title='bbox 621 2706 691 2743; x_wconf 89' lang='lat' dir='ltr'>Bo.</span> <span class='ocrx_word' id='word_1_291' title='bbox 710 2706 820 2755; x_wconf 87' lang='lat' dir='ltr'>Soph.</span> <span class='ocrx_word' id='word_1_292' title='bbox 840 2707 933 2746; x_wconf 80' lang='lat' dir='ltr'>Aiac.</span> <span class='ocrx_word' id='word_1_293' title='bbox 952 2705 1033 2743; x_wconf 85' lang='lat'>554</span> <span class='ocrx_word' id='word_1_294' title='bbox 1110 2705 1191 2743; x_wconf 88' lang='grc'>356</span> <span class='ocrx_word' id='word_1_295' title='bbox 1224 2705 1278 2742; x_wconf 88' lang='lat' dir='ltr'>Gr</span> <span class='ocrx_word' id='word_1_296' title='bbox 1294 2705 1331 2741; x_wconf 81' lang='lat'>2.</span> <span class='ocrx_word' id='word_1_297' title='bbox 1351 2704 1448 2742; x_wconf 84' lang='lat' dir='ltr'>Caec.</span> <span class='ocrx_word' id='word_1_298' title='bbox 1467 2705 1559 2742; x_wconf 75' lang='lat' dir='ltr'>Ball).</span> <span class='ocrx_word' id='word_1_299' title='bbox 1578 2706 1672 2743; x_wconf 79' lang='lat' dir='ltr'>Mon.</span> 
     </span>
     <span class='ocr_line' id='line_1_38' title="bbox 158 2760 1671 2811; baseline 0.001 -14"><span class='ocrx_word' id='word_1_300' title='bbox 158 2761 231 2808; x_wconf 81' lang='lat'>10,</span> <span class='ocrx_word' id='word_1_301' title='bbox 251 2761 299 2810; x_wconf 89' lang='grc'>4,</span> <span class='ocrx_word' id='word_1_302' title='bbox 318 2774 380 2811; x_wconf 83' lang='lat' dir='ltr'>pg.</span> <span class='ocrx_word' id='word_1_303' title='bbox 404 2762 455 2799; x_wconf 88' lang='grc'>22</span> <span class='ocrx_word' id='word_1_304' title='bbox 580 2762 659 2799; x_wconf 88' lang='grc'>357</span> <span class='ocrx_word' id='word_1_305' title='bbox 692 2763 763 2799; x_wconf 89' lang='lat' dir='ltr'>Bo.</span> <span class='ocrx_word' id='word_1_306' title='bbox 784 2762 951 2798; x_wconf 83' lang='lat' dir='ltr'>Proverb.</span> <span class='ocrx_word' id='word_1_307' title='bbox 974 2772 1091 2810; x_wconf 78' lang='lat' dir='ltr'>graec.</span> <span class='ocrx_word' id='word_1_308' title='bbox 1114 2772 1155 2798; x_wconf 80' lang='lat' dir='ltr'>ex</span> <span class='ocrx_word' id='word_1_309' title='bbox 1176 2760 1310 2797; x_wconf 78' lang='lat' dir='ltr'>Erasmi</span> <span class='ocrx_word' id='word_1_310' title='bbox 1332 2760 1443 2810; x_wconf 80' lang='lat' dir='ltr'>Adag.</span> <span class='ocrx_word' id='word_1_311' title='bbox 1470 2762 1507 2807; x_wconf 85' lang='lat'>1,</span> <span class='ocrx_word' id='word_1_312' title='bbox 1532 2762 1596 2809; x_wconf 90' lang='lat'>10,</span> <span class='ocrx_word' id='word_1_313' title='bbox 1619 2762 1671 2800; x_wconf 87' lang='grc'>62</span> 
     </span>
     <span class='ocr_line' id='line_1_39' title="bbox 269 2816 1670 2868; baseline 0 -12"><span class='ocrx_word' id='word_1_314' title='bbox 269 2818 349 2856; x_wconf 89' lang='grc'>358</span> <span class='ocrx_word' id='word_1_315' title='bbox 379 2819 445 2856; x_wconf 81' lang='lat' dir='ltr'>Ps.</span> <span class='ocrx_word' id='word_1_316' title='bbox 468 2819 550 2856; x_wconf 81' lang='lat' dir='ltr'>Seu.</span> <span class='ocrx_word' id='word_1_317' title='bbox 572 2818 678 2868; x_wconf 81' lang='lat' dir='ltr'>epist.</span> <span class='ocrx_word' id='word_1_318' title='bbox 702 2819 769 2865; x_wconf 88' lang='lat'>80,</span> <span class='ocrx_word' id='word_1_319' title='bbox 792 2818 815 2855; x_wconf 90' lang='lat'>9</span> <span class='ocrx_word' id='word_1_320' title='bbox 932 2818 1012 2854; x_wconf 85' lang='grc'>359</span> <span class='ocrx_word' id='word_1_321' title='bbox 1045 2817 1100 2854; x_wconf 84' lang='lat' dir='ltr'>Gr</span> <span class='ocrx_word' id='word_1_322' title='bbox 1121 2817 1158 2854; x_wconf 91' lang='grc'>2.</span> <span class='ocrx_word' id='word_1_323' title='bbox 1182 2817 1282 2854; x_wconf 79' lang='lat' dir='ltr'>Caec.</span> <span class='ocrx_word' id='word_1_324' title='bbox 1305 2816 1400 2853; x_wconf 83' lang='lat' dir='ltr'>Balb.</span> <span class='ocrx_word' id='word_1_325' title='bbox 1422 2817 1517 2854; x_wconf 82' lang='lat' dir='ltr'>Mon.</span> <span class='ocrx_word' id='word_1_326' title='bbox 1541 2817 1609 2864; x_wconf 90' lang='grc'>26,</span> <span class='ocrx_word' id='word_1_327' title='bbox 1631 2819 1670 2865; x_wconf 89' lang='grc'>3,</span> 
     </span>
     <span class='ocr_line' id='line_1_40' title="bbox 155 2872 1669 2922; baseline 0.001 -13"><span class='ocrx_word' id='word_1_328' title='bbox 155 2885 217 2922; x_wconf 83' lang='lat' dir='ltr'>pg.</span> <span class='ocrx_word' id='word_1_329' title='bbox 238 2872 291 2910; x_wconf 88' lang='grc'>28</span> <span class='ocrx_word' id='word_1_330' title='bbox 421 2875 503 2913; x_wconf 89' lang='grc'>360</span> <span class='ocrx_word' id='word_1_331' title='bbox 534 2876 599 2913; x_wconf 89' lang='lat' dir='ltr'>Go.</span> <span class='ocrx_word' id='word_1_332' title='bbox 623 2875 704 2911; x_wconf 86' lang='lat' dir='ltr'>Sen.</span> <span class='ocrx_word' id='word_1_333' title='bbox 728 2874 772 2911; x_wconf 82' lang='lat' dir='ltr'>de</span> <span class='ocrx_word' id='word_1_334' title='bbox 792 2874 895 2911; x_wconf 88' lang='lat' dir='ltr'>clem.</span> <span class='ocrx_word' id='word_1_335' title='bbox 923 2875 958 2921; x_wconf 91' lang='grc'>1,</span> <span class='ocrx_word' id='word_1_336' title='bbox 980 2874 1016 2919; x_wconf 87' lang='grc'>4,</span> <span class='ocrx_word' id='word_1_337' title='bbox 1042 2873 1065 2910; x_wconf 92' lang='grc'>2</span> <span class='ocrx_word' id='word_1_338' title='bbox 1189 2873 1266 2911; x_wconf 88' lang='grc'>361</span> <span class='ocrx_word' id='word_1_339' title='bbox 1302 2873 1366 2910; x_wconf 85' lang='lat' dir='ltr'>Gr.</span> <span class='ocrx_word' id='word_1_340' title='bbox 1391 2884 1433 2910; x_wconf 82' lang='lat' dir='ltr'>ex</span> <span class='ocrx_word' id='word_1_341' title='bbox 1454 2873 1564 2911; x_wconf 78' lang='lat' dir='ltr'>Palat.</span> <span class='ocrx_word' id='word_1_342' title='bbox 1586 2875 1669 2911; x_wconf 82' lang='lat' dir='ltr'>Seu.</span> 
     </span>
    </p>
   </div>
   <div class='ocr_carea' id='block_1_4' title="bbox 155 2928 1165 2978">
    <p class='ocr_par' dir='ltr' id='par_1_4' title="bbox 155 2928 1165 2978">
     <span class='ocr_line' id='line_1_41' title="bbox 155 2928 1165 2978; baseline 0 -12"><span class='ocrx_word' id='word_1_343' title='bbox 155 2930 258 2978; x_wconf 77' lang='lat' dir='ltr'>epist.</span> <span class='ocrx_word' id='word_1_344' title='bbox 283 2929 349 2977; x_wconf 85' lang='lat'>76,</span> <span class='ocrx_word' id='word_1_345' title='bbox 371 2929 395 2967; x_wconf 92' lang='grc'>2</span> <span class='ocrx_word' id='word_1_346' title='bbox 510 2931 590 2968; x_wconf 88' lang='grc'>362</span> <span class='ocrx_word' id='word_1_347' title='bbox 620 2932 693 2969; x_wconf 83' lang='grc' dir='ltr'>Ρη.</span> <span class='ocrx_word' id='word_1_348' title='bbox 715 2931 796 2968; x_wconf 76' lang='lat' dir='ltr'>Sen.</span> <span class='ocrx_word' id='word_1_349' title='bbox 818 2930 862 2966; x_wconf 86' lang='lat' dir='ltr'>de</span> <span class='ocrx_word' id='word_1_350' title='bbox 878 2930 979 2967; x_wconf 88' lang='lat' dir='ltr'>clem.</span> <span class='ocrx_word' id='word_1_351' title='bbox 1005 2931 1023 2967; x_wconf 92' lang='lat'>1</span> <span class='ocrx_word' id='word_1_352' title='bbox 1038 2958 1048 2975; x_wconf 87' lang='lat'>,</span> <span class='ocrx_word' id='word_1_353' title='bbox 1072 2928 1118 2975; x_wconf 90' lang='grc'>2,</span> <span class='ocrx_word' id='word_1_354' title='bbox 1141 2928 1165 2965; x_wconf 88' lang='grc'>2</span> 
     </span>
    </p>
   </div>
  </div>
 </body>
</html>
