1956 3308
305 173 384 215 146
898 186 960 227 DE
990 186 1206 219 uomens.

309 289 416 326 119⁰.
433 284 529 327 Non
559 292 624 327 est
654 286 765 342 quod
797 285 1029 328 insolenter
1058 286 1307 329 felicitatem
1330 288 1521 342 fatearis,
1552 289 1703 345 †quod
1721 304 1806 332 non

429 351 582 393 fuisset
611 352 692 393 tibi
722 353 997 408 insperatum.

306 422 398 458 120.
433 417 594 474 Turpia
616 432 669 459 ne
689 417 876 471 dixeris3
900 417 1106 474 paulatim
1128 420 1239 461 enim
1261 421 1398 476 pudor
1416 436 1556 464 rerum
1576 437 1652 480 per
1673 423 1806 465 verba

426 484 675 526 dediscitur.

307 555 399 591 121.
433 549 504 591 Sic
535 550 695 603 habita,
728 558 775 592 ut
804 552 945 607 potius
976 551 1174 593 laudetur
1203 552 1400 595 dominus
1431 569 1555 610 quam
1585 555 1749 598 domus.

309 619 399 656 122.
433 616 819 659 Consuetudinaria
854 631 922 658 res
960 624 1024 659 est
1061 619 1324 660 innocentia:
1362 620 1499 662 invita
1528 620 1582 662 ab
1612 635 1660 663 eo
1689 636 1804 663 rece-

427 682 504 735 dit,
538 698 632 724 cum
664 698 746 738 quo
777 684 853 724 diu
881 683 979 725 fuit.

307 752 395 789 123.
428 749 524 790 Non
555 749 786 802 damnatio,
819 750 895 791 sed
925 765 1055 792 causa
1084 750 1296 793 hominem
1326 758 1494 810 turpem
1523 754 1641 795 facit.

303 818 396 855 124.
427 815 585 857 Merito
617 815 951 858 enim-damnati
981 831 1119 873 poena
1149 824 1214 859 est
1244 818 1475 872 damnatio,
1506 820 1704 863 inmerito
1734 820 1806 862 da-

423 882 558 922 mnati
590 881 824 924 calamitas.

307 951 398 988 125.
431 947 477 989 Si
506 947 670 1003 aliquid
703 950 978 1004 cogitaveris,
1011 951 1094 991 cito
1124 950 1348 1007 apparebit
1377 952 1743 995 conversantibus,

306 1018 397 1054 126.
428 1012 581 1055 Videri
613 1015 681 1056 vis
711 1015 766 1056 ab
796 1015 1042 1057 hominibus
1072 1031 1127 1057 an
1155 1017 1274 1059 non?
1304 1018 1549 1074 Numquam
1578 1019 1714 1062 bonae
1733 1019 1806 1062 ho-

426 1081 607 1122 nestatis
637 1081 764 1135 longa
794 1081 1010 1123 simulatio
1041 1089 1119 1124 est.

306 1150 398 1187 127.
431 1145 560 1198 Quod
590 1147 643 1187 de
672 1146 825 1188 alienis
855 1148 1071 1190 mentibus
1100 1155 1273 1205 tractas,
1305 1165 1360 1192 ex
1388 1157 1463 1192 tua
1491 1152 1669 1193 iudices.

307 1216 398 1254 128.
430 1212 559 1254 Multi
595 1219 694 1254 sunt
723 1213 965 1269 obligandi,
1004 1217 1131 1271 pauci
1161 1223 1260 1258 sunt
1289 1216 1553 1259 offendendi:
1592 1232 1690 1259 nam
1719 1232 1805 1259 me—

429 1281 566 1320 moria
594 1279 896 1322 beneficiorum
928 1281 1095 1337 fragilis
1127 1289 1205 1335 est,
1236 1284 1487 1324 iniuriarum
1515 1290 1661 1326 tenax.

304 1350 396 1386 129.
431 1345 736 1401 Obiurgationi
781 1361 949 1403 semper
991 1348 1154 1404 aliquid
1193 1348 1339 1390 blandi
1382 1350 1592 1392 admisce:
1638 1350 1806 1392 facilius

430 1412 543 1452 enim
570 1419 797 1468 penetrant
817 1413 950 1455 verba
971 1428 1079 1469 quae
1098 1415 1219 1457 molli
1240 1415 1404 1457 vadunt
1424 1417 1496 1457 via
1516 1430 1642 1472 quam
1665 1416 1804 1473 [quae]

427 1493 598 1534 aspera:
629 1493 753 1521 nemo
785 1481 898 1520 enim
928 1495 974 1521 se
1002 1487 1154 1535 mutat,
1186 1482 1260 1537 qui
1287 1484 1444 1524 mutari
1474 1496 1520 1524 se
1550 1481 1760 1539 desperet.

298 1649 342 1693 S,
378 1652 417 1685 in
445 1662 518 1696 quo
550 1651 641 1686 ordo
671 1652 871 1687 verborum
899 1653 1009 1688 valde
1037 1653 1214 1689 turbatus
1241 1657 1318 1699 est,
1355 1654 1512 1700 accipere
1539 1652 1602 1689 tibi
1632 1653 1687 1690 Ga

300 1704 377 1741 119
391 1709 404 1725 ⁰
438 1705 559 1741 GSV:
589 1718 658 1742 om.
681 1708 780 1742 editt.
804 1711 840 1742 et
860 1708 968 1743 codd.
992 1717 1093 1744 rece.
1222 1719 1293 1744 non
1315 1713 1370 1743 est
1392 1707 1487 1755 quod
1510 1708 1615 1745 GbS:
1634 1719 1707 1744 non
1729 1709 1806 1756 qui-

301 1759 379 1795 dem
405 1761 482 1804 Ga,
512 1761 729 1808 nunquidem
762 1763 793 1799 V
910 1762 1050 1798 fatearis
1081 1763 1184 1799 GbS:
1214 1763 1334 1799 fateris
1366 1763 1440 1808 Ga,
1473 1764 1608 1811 poteris
1638 1763 1687 1805 73·
1711 1763 1806 1811 fort.

296 1814 496 1862 Numquam
527 1816 725 1852 insolenter
754 1817 890 1853 felicem
913 1822 948 1853 te
969 1817 1130 1864 fatearis,
1160 1820 1218 1854 vel
1237 1818 1414 1866 Numquid
1437 1846 1446 1854 .
1471 1846 1480 1854 .
1504 1846 1512 1854 .
1535 1818 1700 1854 fateberis
1721 1821 1805 1856 coll.

300 1870 323 1916 S
347 1870 426 1906 142
530 1871 639 1907 fuisse
662 1872 716 1907 Gb
830 1869 853 1893 *
873 1873 1111 1920 insperatum:
1133 1874 1341 1921 inspiratum
1364 1873 1468 1910 GSV
1578 1873 1659 1911 120
1686 1885 1805 1912 rerum

298 1937 368 1961 om.
396 1928 503 1973 vulyo
580 1926 775 1963 dediscitur
796 1928 847 1964 G:
868 1928 1016 1964 discitur
1037 1928 1077 1975 S,
1099 1928 1289 1965 discutitur
1309 1930 1416 1977 vulyo
1494 1928 1571 1965 121
1604 1929 1678 1965 Cic.
1701 1930 1805 1976 offic.

301 1981 320 2016 1
337 2009 347 2027 ,
371 1981 446 2028 39,
473 1981 549 2018 139
588 1983 670 2018 ‘uec
698 1982 804 2019 domo
834 1983 1021 2030 dominus,
1055 1983 1117 2019 sed
1148 1983 1291 2020 domino
1320 1983 1447 2020 domus
1474 1983 1691 2020 honestanda
1719 1984 1803 2020 est'.

298 2036 419 2073 Mart.
442 2037 553 2073 Dum.
575 2038 621 2074 de
638 2037 754 2085 form.
778 2039 862 2075 hon.
886 2042 985 2075 vitae
1004 2038 1051 2085 4,
1074 2039 1098 2074 5
1127 2038 1207 2075 ‘nec
1235 2039 1415 2075 dominum
1435 2039 1524 2075 velis
1544 2050 1622 2076 esse
1642 2045 1766 2076 notum
1787 2050 1806 2075 a

295 2091 401 2128 domo
417 2121 427 2138 ‚
461 2092 523 2128 sed
545 2092 687 2128 domum
710 2104 727 2128 a
750 2093 924 2130 domino’.
1041 2094 1118 2130 122
1149 2095 1256 2130 invita
1282 2095 1328 2131 S:
1357 2095 1392 2130 in
1422 2095 1490 2130 vita
1512 2095 1589 2136 Ga,
1617 2093 1806 2130 invitabilia

301 2148 353 2187 P;
374 2148 481 2183 invita
505 2174 512 2182 .
537 2174 545 2182 .
569 2174 577 2183 .
600 2148 668 2184 fuit
689 2160 757 2185 om.
780 2151 886 2186 codd.
908 2161 1012 2186 rece.
1034 2154 1070 2186 et
1091 2151 1173 2186 edd.
1287 2149 1365 2186 124
1397 2150 1475 2186 GS:
1504 2151 1630 2186 merito
1651 2149 1806 2187 damnari

295 2213 410 2248 poena
436 2200 625 2252 [damnati]
650 2210 721 2244 est;
743 2204 920 2240 damnatio
941 2206 1112 2241 immerita
1133 2204 1329 2241 damnantis
1351 2210 1406 2240 est
1426 2205 1601 2240 calamitas
1623 2206 1730 2253 vulyo

302 2257 381 2293 125
415 2257 449 2293 Si
472 2258 553 2294 mali
585 2259 668 2306 quid
690 2260 884 2300 Halmius;
915 2261 1130 2308 cogitauerit
1153 2259 1182 2296 S
1331 2259 1409 2296 126
1440 2259 1640 2296 hominibus
1668 2271 1711 2296 an
1733 2270 1804 2296 nou

298 2312 376 2348 GS:
412 2312 577 2348 omnibus
600 2315 730 2361 vu1905
755 2315 850 2360 sort.
894 2315 930 2351 Si
950 2316 1059 2352 videri
1080 2316 1132 2351 vis
1153 2317 1239 2352 coll.
1262 2315 1285 2361 S
1309 2314 1400 2351 125.
1422 2316 1487 2352 37.
1511 2314 1575 2351 24.
1616 2315 1675 2362 Cf.
1698 2315 1808 2352 Sexti

297 2372 394 2404 sent.
418 2368 497 2404 314
529 2367 647 2404 ‘Nulla
675 2370 853 2406 simulatio
874 2370 988 2407 multo
1009 2375 1170 2418 tempore
1190 2369 1342 2407 latebit'.
1391 2371 1636 2418 Demophilus
1654 2382 1717 2417 ap.
1741 2370 1802 2406 Or.

282 2435 428 2469 opusc.
452 2429 546 2460 sent.
572 2425 617 2470 1,
639 2423 712 2462 40:
742 2420 828 2460 ἴσθι
858 2419 911 2469 ὥς
938 2420 1099 2474 οὐδεμία
1127 2424 1383 2474 προσποίησις
1408 2423 1541 2478 πολλῷ
1567 2420 1694 2474 χρόνῳ
1715 2425 1804 2461 λαν-

295 2472 425 2515 θάνει.
538 2520 549 2527 ⁸
563 2479 640 2516 127
672 2476 694 2501 *
716 2486 796 2516 tua:
819 2482 889 2517 tuis
911 2483 1018 2518 codd.
1155 2481 1234 2518 128
1263 2481 1438 2528 Xenoph.
1460 2482 1581 2518 Anah.
1603 2481 1643 2527 5,
1664 2480 1703 2527 8,
1725 2479 1800 2517 26:

298 2526 416 2580 ἥδιον
445 2532 525 2571 τῶν
551 2527 720 2582 ἀγαθῶν
748 2535 895 2583 μᾶλλον
915 2529 944 2583 ἢ
961 2535 1042 2573 τῶν
1061 2534 1197 2573 κακῶν
1215 2535 1455 2584 μεμνῆσθαι.
1513 2537 1640 2573 livius
1658 2535 1698 2582 8,
1719 2535 1758 2582 2,
1779 2535 1802 2571 7

296 2589 401 2626 ‘adeo
423 2591 573 2625 iniuriae
595 2601 698 2637 quam
728 2590 889 2628 beneficii
917 2594 1083 2628 memoria
1104 2594 1326 2641 praesentior
1345 2591 1449 2629 erat'.
1508 2591 1595 2628 sen.
1617 2590 1741 2638 benef.
1766 2590 1803 2636 1,

299 2646 335 2691 1,
358 2646 382 2681 8
414 2644 476 2680 ‘ita
499 2657 516 2680 a
538 2651 661 2681 natura
683 2652 914 2694 conparatum
935 2654 1011 2694 est,
1041 2653 1080 2684 ut
1101 2647 1206 2683 altius
1226 2648 1373 2684 iniuriae
1393 2657 1496 2695 quam
1517 2646 1638 2682 merita
1659 2645 1805 2682 descen·

295 2700 379 2736 dant
407 2706 442 2736 et
470 2700 529 2736 illa
559 2702 631 2736 cito
653 2701 831 2748 defluant,
860 2704 920 2739 has
942 2708 1043 2739 tenax
1066 2704 1233 2739 memoria
1254 2702 1459 2739 custodiat’.
1517 2697 1671 2750 fragilis]
1693 2700 1804 2737 facilis

299 2757 380 2791 edd.
501 2755 578 2792 129
611 2753 766 2806 facilius]
798 2757 1001 2795 familiarius
1022 2759 1075 2799 P‚·
1103 2760 1171 2795 sed
1195 2758 1248 2806 cf.
1270 2758 1357 2795 Sen.
1380 2759 1487 2803 epist.
1510 2756 1583 2802 38,
1607 2757 1625 2792 1
1652 2755 1803 2793 ‘facilius

296 2811 429 2846 intrant
449 2810 569 2846 verba'
582 2839 590 2847 .
651 2815 748 2848 Ante
768 2823 872 2849 nemo
893 2815 929 2850 P
946 2816 1071 2851 addit.-
1099 2813 1289 2850 Insectatio
1309 2813 1386 2860 ipsa
1406 2811 1586 2848 moderata
1606 2812 1663 2848 sit.
