1956 3308
0 1128 6 1151 i

0 1238 6 1261 ξ

0 1311 13 1454 Ξ

524 750 734 824 Septem
776 750 1079 824 Sapientum
1121 750 1402 808 sententiae

627 872 814 927 septenis
844 872 1036 914 versibus
1067 873 1300 928 explicatae

797 962 865 1008 [ab
895 962 1128 1008 Ausonio].

719 1064 761 1107 1.
806 1064 920 1108 Bias
949 1064 1202 1108 Prieneus.

308 1154 539 1207 Quaenam
568 1168 737 1196 summa
766 1154 901 1197 boni?
930 1169 1053 1197 mens
1084 1170 1256 1213 semper
1285 1157 1458 1198 conscia
1487 1156 1610 1198 recti.

305 1223 526 1264 Pernicies
558 1222 722 1265 homini
742 1232 862 1279 'quae
891 1222 1115 1265 maxima?
1154 1223 1270 1266 solus
1301 1223 1428 1266 homo
1459 1223 1583 1265 alter.

308 1290 419 1343 Quis
451 1290 574 1332 dives
586 1289 608 1331 ‘2
646 1291 722 1347 qui
751 1289 814 1332 nil
845 1291 1005 1347 cupiet.
1066 1291 1176 1344 Quis
1208 1291 1407 1349 pauper?
1447 1306 1619 1333 avarus.

308 1357 434 1411 Quae
464 1358 542 1399 dos
574 1359 782 1400 matronis
813 1357 1138 1416 pulcherrima?
1166 1359 1259 1401 vita
1288 1359 1461 1417 pudica.
1524 1372 1525 1375 ’

306 1425 432 1479 Quae
462 1432 580 1468 easta
611 1425 708 1468 est?
740 1425 795 1468 de
826 1441 911 1483 qua
940 1427 1117 1468 mentiri
1147 1427 1264 1468 fama
1293 1434 1497 1469 veretur<

307 1493 439 1546 Quod
469 1493 693 1550 prudentis
726 1493 866 1552 opus?
898 1509 995 1536 cum
1025 1496 1180 1552 possis,
1213 1493 1326 1537 nolle
1355 1509 1524 1537 nocere.

306 1560 427 1614 Quid
458 1561 581 1604 stulti
610 1561 866 1619 proprium?
897 1576 984 1603 non
1014 1577 1143 1618 posse
1174 1569 1216 1605 et
1246 1561 1360 1604 velle
1390 1576 1560 1604 nocere.

575 1691 577 1694 '
621 1685 689 1728 2
708 1686 932 1729 Pittacus
961 1685 1295 1739 Mitylenaeus.
1318 1744 1340 1762 .

307 1777 450 1833 Loqui
480 1775 716 1831 ignorabit,
749 1776 823 1833 qui
853 1782 998 1818 tacere
1027 1777 1207 1819 nesciet.

306 1843 429 1886 Bono
459 1843 636 1900 probari
665 1843 793 1898 malo,
825 1856 952 1901 quam·
982 1843 1130 1887 multis
1161 1843 1300 1886 malis.

305 1963 570 2000 Adnotatio
601 1965 793 1999 critica.
854 1963 958 1999 P=
975 1964 1100 2000 codex
1115 1963 1321 2000 Parisinus
1339 1963 1378 2000 S.
1393 1963 1518 2002 Germ.
1534 1964 1602 1999 lat.
1616 1961 1722 2000 1044

192 2030 295 2056 saec.
318 2020 397 2065 XI,
432 2019 467 2054 B
486 2034 541 2048 =
563 2020 690 2055 codex
711 2019 942 2056 Basiliensis
969 2021 1065 2067 siyn.
1089 2019 1136 2055 B.
1159 2020 1208 2056 X.
1232 2019 1305 2062 35,
1328 2030 1431 2056 saec.
1453 2019 1565 2056 XIII
1570 2047 1578 2065 ‚
1604 2019 1650 2056 M
1664 2035 1720 2049 =

195 2077 278 2113 cod.
299 2076 597 2123 Bamberqensis
617 2073 702 2122 (vid.
717 2076 868 2124 Proleq.
888 2087 951 2124 pq.
971 2074 1038 2122 19)
1059 2077 1280 2123 descriptus
1300 2088 1324 2112 a
1343 2076 1525 2113 Gulielmo
1542 2075 1722 2123 Meyero:

193 2134 224 2168 Α
246 2148 302 2162 =
323 2133 379 2168 ed.
401 2132 559 2168 Ausonii
588 2133 683 2168 anni
705 2131 836 2178 1730,
869 2132 898 2169 0
917 2147 973 2162 =
993 2132 1051 2169 Io.
1075 2131 1188 2170 Conr.
1215 2132 1381 2170 Orellius
1407 2135 1445 2169 in
1468 2143 1602 2178 opusc.
1624 2136 1720 2169 sent.

194 2193 229 2225 et
249 2189 386 2226 moral.
410 2189 448 2235 1,
473 2187 551 2225 197
573 2198 628 2236 sq.
746 2187 892 2236 Septem
914 2188 1081 2225 Graeciae
1103 2188 1312 2237 Sapientum
1332 2189 1533 2225 sententiae
1559 2188 1587 2225 0

194 2245 353 2294 septenis
375 2243 536 2281 versibus
559 2243 756 2293 explicatae
777 2245 912 2292 BMO,
935 2247 1010 2282 nisi
1028 2247 1131 2293 quod
1150 2245 1186 2281 B
1205 2244 1342 2281 verbis:
1371 2257 1440 2282 om.
1461 2245 1514 2286 P‚·
1542 2244 1584 2280 ab
1607 2244 1721 2280 Auso·

194 2302 254 2338 nio
283 2303 340 2338 vel
369 2303 505 2338 similia
534 2301 681 2338 addunt
709 2302 885 2339 editores.
945 2301 1239 2350 Subsequuntur
1267 2304 1305 2339 in
1335 2302 1418 2338 ΒΜ
1425 2318 1434 2337 .·
1474 2301 1638 2350 Ipsorum
1666 2306 1723 2337 est

193 2357 423 2394 observatum
445 2356 512 2405 (ita
535 2357 582 2403 B,
605 2357 682 2406 ipse
703 2363 760 2394 est
780 2357 908 2394 modus
929 2357 1001 2405 M),
1024 2363 1064 2395 ut
1085 2357 1158 2394 bini
1180 2358 1295 2395 ultimi
1316 2369 1440 2394 versus
1461 2369 1527 2406 per
1547 2358 1722 2394 antitheta

196 2412 378 2450 finiantur.
497 2414 517 2450 1
551 2413 628 2449 Bias
649 2410 840 2464 Prieneus]
863 2419 1013 2463 pytacus
1034 2414 1225 2452 niclitenus
1247 2415 1293 2452 M
1402 2415 1440 2461 1,
1464 2415 1484 2450 1
1507 2413 1592 2450 honi
1614 2419 1669 2450 est
1690 2414 1725 2450 P

307 2481 450 2519 semper
468 2469 604 2507 PBM:
635 2480 725 2518 quae
746 2469 813 2506 sibi
834 2470 913 2507 AO.
965 2471 1162 2508 Walterus
1182 2472 1368 2508 Burleius
1387 2472 1434 2508 de
1455 2473 1530 2507 vita
1552 2475 1588 2507 et
1608 2472 1720 2507 mori-

192 2528 262 2564 bus
285 2527 604 2574 philosophorum
632 2537 662 2562 s.
691 2538 723 2563 υ.
752 2527 872 2563 Bias.-
904 2525 1169 2576 ‘Interrogatus
1196 2527 1272 2563 Bias
1302 2527 1387 2576 quid
1416 2527 1464 2562 sit
1491 2527 1526 2562 in
1556 2527 1622 2563 hac
1649 2527 1720 2562 vita

192 2584 381 2632 optimum,
397 2583 472 2629 ait,
494 2582 591 2619 Mens
612 2581 680 2618 sibi
700 2581 816 2619 bonae
837 2583 1062 2620 rectitudinis
1084 2582 1256 2620 couscia’.
1395 2584 1431 2630 1,
1455 2582 1478 2618 2
1501 2583 1656 2619 hominis
1679 2582 1724 2618 M

309 2640 347 2686 1,
370 2639 393 2677 3
424 2640 547 2688 cupiet
566 2639 700 2675 PBM:
729 2639 849 2688 cupiat
869 2639 948 2676 ΑΟ.
992 2639 1051 2687 Cf.
1076 2639 1165 2677 Sen.
1187 2642 1295 2687 epist.
1319 2640 1358 2686 2,
1382 2640 1405 2677 6
1524 2639 1543 2675 1
1559 2667 1569 2685 ,
1592 2638 1617 2675 4
1647 2650 1720 2675 ma·

173 2696 309 2732 -lronis
329 2697 420 2733 PB.-
450 2701 633 2732 matronae
654 2694 763 2732 MAo
879 2696 917 2742 1,
940 2695 964 2732 5
996 2701 1052 2732 est
1073 2707 1143 2733 om.
1166 2696 1203 2732 B
1321 2697 1358 2743 1,
1382 2696 1405 2733 6
1438 2695 1534 2744 quod
1556 2696 1609 2732 P.-
1632 2694 1718 2743 quid

195 2751 342 2788 BMAO
455 2753 574 2800 possis
595 2751 646 2788 P.-
676 2752 793 2800 possit
817 2752 961 2789 BMAO

307 2807 331 2844 2
362 2809 479 2857 asperi
500 2818 633 2855 cneus,
663 2807 700 2856 (i.
725 2819 755 2845 e.
778 2808 876 2845 Bias
895 2807 1098 2855 Prieneus)
1119 2808 1182 2854 M,
1204 2808 1257 2856 cf.
1282 2810 1334 2845 ad
1355 2809 1375 2844 1
1495 2807 1541 2854 2,
1567 2808 1584 2843 1
1619 2807 1720 2856 loqui

194 2874 268 2900 non
289 2863 408 2900 licebit
430 2864 468 2900 B
581 2861 662 2915 qui]
686 2875 766 2901 cum
792 2864 820 2901 0
919 2865 1056 2901 nesciat
1076 2865 1121 2901 P.
1173 2865 1285 2902 Waze.
1311 2865 1421 2903 Burl,
1444 2875 1473 2903 s.
1498 2876 1530 2901 v.
1554 2863 1716 2913 Pythaq.

195 2918 326 2968 ‘Loqui
347 2920 507 2968 ignorat,
529 2922 590 2969 qui
613 2927 730 2959 tacere
750 2920 897 2969 nescit’,
918 2921 1011 2972 haud
1035 2920 1202 2969 absurde,
1218 2932 1300 2958 cum
1319 2921 1542 2970 Pythagoras
1564 2920 1719 2969 discipu-
