1956 3308
376 235 433 278 50
642 272 645 275 .
941 244 1296 280 PROLEGOMEN'A.

378 346 481 387 haec
511 348 594 388 iam
624 347 697 388 alii
728 354 1000 388 sanaverunt.
1059 348 1182 390 Nova
1209 347 1493 389 nanciscimur
1513 361 1568 388 ex
1588 346 1754 390 duobus
1781 346 1871 390 ad-

378 412 479 454 diti
518 413 841 468 pronominis
872 412 1091 455 relativi
1131 413 1360 470 exemplis,
1399 413 1453 454 de
1482 412 1638 469 quibus
1667 414 1769 455 vide
1796 413 1871 456 εᾶ-

376 480 634 520 notationem
664 479 717 520 ad
750 494 789 520 v,
820 479 902 520 423
932 485 973 519 et
1002 480 1097 521 483.
1158 479 1277 532 Quid
1316 481 1427 521 enim
1465 479 1583 521 aliud
1621 479 1752 522 latere
1787 480 1871 523 tibi

375 545 630 600 persuadeas
662 560 701 586 ν.
732 546 811 586 547
1138 550 1140 553 ’

574 627 694 674 Quam
726 630 776 663 est
805 626 896 672 felia?
924 628 1014 671 rita,
1044 639 1140 674 qnae
1168 629 1250 665 sine
1279 630 1436 676 neqotiz's
1464 629 1616 672 transit,

374 710 456 750 nisi
486 710 586 752 hoc:

694 771 816 818 Quam
845 770 936 816 felia·
966 773 1042 809 rita
1072 773 1210 809 transit
1238 774 1320 810 siae
1348 774 1537 821 neyotiis?

375 853 471 894 Pari
501 854 624 895 modo
654 855 699 894 in
730 869 854 896 versu
888 856 979 909 132,
1011 856 1083 911 qui
1113 855 1277 898 tamdiu
1306 856 1490 918 editores
1519 859 1712 914 vexavit,

569 947 867 996 Deliberamlum
897 951 947 985 est
977 949 1161 995 quidquid
1189 950 1434 988 statuendum
1462 954 1516 989 est
1542 953 1666 996 semel,

373 1031 485 1086 quod
523 1031 748 1072 manifeste
785 1032 927 1085 deest,
965 1039 1012 1074 ut
1048 1032 1205 1076 habeat
1239 1035 1359 1077 semel
1387 1035 1456 1077 cui
1486 1023 1744 1093 opponatur,
1783 1052 1867 1080 non

371 1104 434 1138 est
463 1099 535 1138 diu
565 1111 620 1138 ex-
640 1097 867 1139 Vincentio
897 1098 1135 1153 inductum,
1167 1099 1243 1142 sed
1271 1114 1390 1156 saepe
1419 1102 1465 1143 in
1487 1102 1576 1144 solo
1599 1103 1866 1159 Frisingensi
1907 1160 1909 1162 q
1934 1097 1937 1099 ⁵

369 1170 606 1217 servatum3
638 1165 722 1204 iam
751 1163 958 1206 adverbio
989 1180 1064 1206 suo
1095 1165 1185 1209 loco
1212 1168 1402 1225 'reposito
1423 1167 1671 1211 facillimum
1692 1171 1773 1212 erit
1793 1171 1865 1212 de·
1894 1220 1897 1222 v

370 1228 452 1270 leto
482 1230 729 1285 pronomine
759 1231 965 1271 scribere:
1272 1256 1275 1258 -

566 1311 865 1365 Deliberamlum
894 1315 946 1350 est
974 1318 1095 1360 saepe,
1125 1316 1370 1354 statuendam
1403 1313 1493 1369 (est)
1522 1318 1645 1356 semel.

372 1394 522 1451 Neque
550 1395 633 1436 alio
664 1396 770 1437 vitio
802 1396 966 1438 laborat
996 1381 1219 1440 in.codice
1247 1399 1295 1441 F
1318 1402 1528 1443 sententia
1557 1403 1657 1444 632:

569 1477 681 1516 Umoe
709 1479 788 1516 dies
810 1490 978 1526 poenam
1007 1479 1129 1526 affevt,
1159 1493 1276 1528 quam
1303 1483 1415 1521 wmlti
1443 1465 1621 1532 eojitant,

365 1559 548 1615 ἄμετρος
585 1569 626 1603 et
661 1563 715 1604 ab
755 1565 943 1606 oratione
988 1565 1165 1620 vitiosa3
1208 1581 1306 1608 nam
1346 1566 1579 1630 dicendum·
1613 1576 1704 1612 erat
1739 1584 1866 1623 quam

367 1629 486 1669 multi
515 1630 801 1682 coqitavervmt.
862 1630 929 1671 Of.
961 1631 1102 1673 varias
1132 1630 1336 1675 lectiones
1361 1633 1422 1690 ,ad
1452 1649 1524 1676 vv.
1553 1637 1593 1678 5.
1623 1635 1691 1678 57.
1719 1637 1815 1679 234.

475 1695 709 1751 Egregium
739 1696 1080 1752 interpolationis
1120 1699 1362 1756 exemplum
1406 1701 1583 1757 praebet
1626 1701 1861 1744 futurum

372 1776 539 1817 quoque
576 1769 835 1815 exactum,
874 1763 986 1819 quod
1024 1765 1069 1805 in
1086 1767 1320 1820 xsententiis
1350 1767 1621 1822 generalibus
1652 1769 1697 1810 in
1726 1768 1873 1811 locum*

369 1829 603 1883 praesentis
642 1830 869 1871 succedere
906 1830 977 1871 vel
1014 1845 1139 1887 posse
1174 1831 1244 1874 vel
1281 1832 1434 1876 debere
1471 1836 1575 1877 satis
1608 1842 1754 1877 notum
1784 1829 1862 1879 est.

366 1893 414 1934 Id
445 1894 578 1948 igitur
608 1902 654 1936 ut
683 1895 906 1953 discipulis
936 1897 1169 1940 inculcaret
1198 1898 1289 1940 ludi
1317 1900 1534 1955 magister,
1564 1901 1719 1944 multos
1748 1902 1862 1946 locos

367 1961 570 2013 correxit,
602 1961 736 2003 veluti
766 1977 808 2005 v,
837 1963 920 2004 242
941 1966 1171 2017 peccaverit
1201 1966 1391 2022 (peceat),
1425 1967 1504 2009 179
1524 1970 1765 2022 perdiderit,
1787 1983 1861 2023 po-

362 2028 464 2077 terit,
496 2027 585 2068 213
603 2029 734 2080 fueris
763 2030 902 2071 doetus
932 2030 1008 2085 (sis
1035 2032 1215 2088 doetus);
1245 2047 1366 2090 prom
1391 2034 1410 2074 1
1443 2035 1598 2076 deridet
1625 2034 1860 2093 (deraserit).

363 2091 476 2133 Hinc
506 2094 736 2149 petivimus
768 2089 947 2138 duorum
971 2111 1171 2139 versuum
1202 2099 1481 2141 certissimam
1502 2101 1881 2144 emendationemz·

437 2190 500 2221 241
532 2187 697 2225 Irritare
726 2191 779 2226 est
809 2190 1074 2235 calamitatem,
1103 2202 1190 2230 eum
1218 2194 1252 2230 te
1279 2191 1423 2239 felicem
1451 2205 1554 2232 voees
1585 2190 1824 2247 (vocaveris),

436 2256 502 2287 409
534 2251 746 2292 Necessitas
775 2256 874 2302 quod
894 2257 1029 2304 poscit,
1057 2259 1135 2296 nisi
1163 2258 1238 2318 des,
1269 2259 1379 2306 eripit
1410 2256 1614 2311 (dederis).-

362 2335 415 2376 ad
448 2335 562 2378 illam
593 2339 764 2394 quidem
794 2341 878 2382 iam
908 2342 1103 2397 proxime
1128 2344 1310 2385 accessit
1330 2344 1469 2386 editor
1487 2344 1857 2401 Ingolstadiensis,

363 2402 446 2443 nisi
486 2404 598 2459 quod
635 2420 720 2447 non
758 2406 870 2448 vidit
905 2408 1179 2451 coniunctivo
1216 2424 1322 2466 opus
1353 2424 1447 2464 esse
1476 2412 1522 2453 in
1551 2412 1737 2459 secunda
1765 2427 1858 2469 per·

362 2483 487 2523 sona3
524 2469 603 2512 hoe
631 2470 722 2514 loco
752 2487 805 2514 ne
835 2475 929 2529 quis
959 2474 1224 2532 periclitetur
1251 2478 1299 2518 ni
1335 2478 1493 2520 dederis
1519 2480 1650 2533 rapit,
1686 2493 1857 2522 monen-

363 2533 464 2575 dum
497 2542 561 2578 est
591 2539 850 2595 respondere
879 2539 963 2583 sibi
993 2543 1094 2585 dare
1122 2549 1165 2585 et
1193 2545 1347 2598 eripere
1375 2558 1416 2586 ν.
1443 2544 1529 2587 352
1558 2551 1600 2587 et
1619 2546 1714 2601 536,
1743 2545 1857 2604 apud

360 2601 460 2643 Sall.
493 2602 588 2658 Iug.
623 2606 666 2658 1,
698 2606 746 2660 3,
779 2606 877 2648 Sen.
909 2609 1038 2663 epist.
1068 2609 1143 2663 59,
1178 2610 1249 2664 18,
1282 2610 1336 2652 de
1365 2616 1499 2676 const.
1530 2626 1618 2669 sap.
1648 2614 1696 2667 5,
1724 2613 1773 2667 4,
1802 2613 1856 2656 ad

344 2668 485 2711 -Helv.
516 2671 556 2723 8,
586 2671 626 2712 4.

470 2737 668 2795 Denique
697 2737 792 2795 plus
822 2753 906 2782 uno
935 2741 1027 2785 loeo
1056 2743 1102 2784 in
1130 2743 1253 2801 peius
1281 2749 1490 2787 mutatum
1513 2743 1710 2788 videmus
1739 2759 1853 2788 vera

358 2800 534 2844 borum
578 2804 835 2861 ordinem,
882 2808 925 2849 in
963 2809 1186 2852 Turicensi
1224 2811 1268 2853 in
1303 2810 1452 2868 primis
1480 2824 1531 2853 ac
1562 2811 1850 2868 Frisingensis
1924 2831 1931 2836 ·

359 2875 479 2925 parte
507 2869 654 2927 altera,
687 2873 786 2914 item
816 2874 931 2930 apud
963 2876 1235 2919 vincentium
1266 2878 1627 2922 Bellovacensem.
1674 2879 1853 2923 Minime
