<?xml version="1.0" encoding="UTF-8"?>
<!DOCTYPE html PUBLIC "-//W3C//DTD XHTML 1.0 Transitional//EN"
    "http://www.w3.org/TR/xhtml1/DTD/xhtml1-transitional.dtd">
<html xmlns="http://www.w3.org/1999/xhtml" xml:lang="en" lang="en">
 <head>
  <title>
</title>
<meta http-equiv="Content-Type" content="text/html;charset=utf-8" />
  <meta name='ocr-system' content='tesseract 3.04.00' />
  <meta name='ocr-capabilities' content='ocr_page ocr_carea ocr_par ocr_line ocrx_word'/>
</head>
<body>
  <div class='ocr_page' id='page_1' title='image "./publiliisyrisent00publuoft_0049.png"; bbox 0 0 1956 3308; ppageno 0'>
   <div class='ocr_carea' id='block_1_1' title="bbox 703 191 1642 233">
    <p class='ocr_par' dir='ltr' id='par_1_1' title="bbox 703 191 1642 233">
     <span class='ocr_line' id='line_1_1' title="bbox 703 191 1642 233; baseline 0.005 -5"><span class='ocrx_word' id='word_1_1' title='bbox 703 197 917 230; x_wconf 79' lang='lat' dir='ltr'><strong>PROLEGO</strong></span> <span class='ocrx_word' id='word_1_2' title='bbox 924 199 1066 229; x_wconf 76' lang='lat' dir='ltr'><strong>MENA.</strong></span> <span class='ocrx_word' id='word_1_3' title='bbox 1587 191 1642 233; x_wconf 84' lang='lat'>43</span> 
     </span>
    </p>
   </div>
   <div class='ocr_carea' id='block_1_2' title="bbox 56 298 1647 628">
    <p class='ocr_par' dir='ltr' id='par_1_2' title="bbox 53 290 1645 426">
     <span class='ocr_line' id='line_1_2' title="bbox 122 298 1645 358; baseline 0.001 -15.913"><span class='ocrx_word' id='word_1_4' title='bbox 122 299 269 343; x_wconf 80' lang='lat' dir='ltr'>nensis</span> <span class='ocrx_word' id='word_1_5' title='bbox 299 313 357 341; x_wconf 83' lang='lat' dir='ltr'>ex</span> <span class='ocrx_word' id='word_1_6' title='bbox 385 298 578 356; x_wconf 83' lang='lat' dir='ltr'>pleniore</span> <span class='ocrx_word' id='word_1_7' title='bbox 608 299 846 357; x_wconf 80' lang='lat' dir='ltr'>exemplari</span> <span class='ocrx_word' id='word_1_8' title='bbox 876 299 996 353; x_wconf 71' lang='lat' dir='ltr'>ducti</span> <span class='ocrx_word' id='word_1_9' title='bbox 1020 315 1128 356; x_wconf 88' lang='lat' dir='ltr'>esse,</span> <span class='ocrx_word' id='word_1_10' title='bbox 1158 301 1314 358; x_wconf 84' lang='lat' dir='ltr'><strong>reliqui</strong></span> <span class='ocrx_word' id='word_1_11' title='bbox 1336 303 1645 345; x_wconf 87' lang='lat' dir='ltr'>sententiarum</span> 
     </span>
     <span class='ocr_line' id='line_1_3' title="bbox 61 365 954 426; baseline -0.001 -14"><span class='ocrx_word' id='word_1_12' title='bbox 61 365 74 388; x_wconf 66' lang='lat'><em>⁵</em></span> <span class='ocrx_word' id='word_1_13' title='bbox 94 386 96 391; x_wconf 93' lang='lat'><em>·</em></span> <span class='ocrx_word' id='word_1_14' title='bbox 120 366 309 426; x_wconf 77' lang='lat' dir='ltr'>amplius</span> <span class='ocrx_word' id='word_1_15' title='bbox 341 372 515 409; x_wconf 88' lang='lat' dir='ltr'>centum</span> <span class='ocrx_word' id='word_1_16' title='bbox 543 368 755 410; x_wconf 90' lang='lat' dir='ltr'>iacturam</span> <span class='ocrx_word' id='word_1_17' title='bbox 784 367 954 411; x_wconf 83' lang='lat' dir='ltr'>fecisse.</span> 
     </span>
    </p>

    <p class='ocr_par' dir='ltr' id='par_1_3' title="bbox 48 429 1647 628">
     <span class='ocr_line' id='line_1_4' title="bbox 56 429 1645 498; baseline 0.003 -21"><span class='ocrx_word' id='word_1_18' title='bbox 56 490 62 498; x_wconf 9' lang='grc' dir='ltr'>γ’</span> <span class='ocrx_word' id='word_1_19' title='bbox 235 429 481 478; x_wconf 83' lang='lat' dir='ltr'>Occurrunt</span> <span class='ocrx_word' id='word_1_20' title='bbox 509 441 655 477; x_wconf 87' lang='lat' dir='ltr'>tamen</span> <span class='ocrx_word' id='word_1_21' title='bbox 676 435 826 490; x_wconf 90' lang='lat' dir='ltr'>multa,</span> <span class='ocrx_word' id='word_1_22' title='bbox 859 451 968 494; x_wconf 88' lang='lat' dir='ltr'>quae</span> <span class='ocrx_word' id='word_1_23' title='bbox 988 435 1234 491; x_wconf 89' lang='lat' dir='ltr'>admonent,</span> <span class='ocrx_word' id='word_1_24' title='bbox 1266 443 1314 480; x_wconf 91' lang='lat' dir='ltr'>ut</span> <span class='ocrx_word' id='word_1_25' title='bbox 1334 438 1645 496; x_wconf 86' lang='lat' dir='ltr'>circumspecto</span> 
     </span>
     <span class='ocr_line' id='line_1_5' title="bbox 62 503 1646 549; baseline 0.001 -1.994"><span class='ocrx_word' id='word_1_26' title='bbox 62 521 67 531; x_wconf 38' lang='grc' dir='ltr'><strong><em>τ</em></strong></span> <span class='ocrx_word' id='word_1_27' title='bbox 122 503 286 547; x_wconf 85' lang='lat' dir='ltr'>iudicio</span> <span class='ocrx_word' id='word_1_28' title='bbox 325 507 517 545; x_wconf 90' lang='lat' dir='ltr'>utamur:</span> <span class='ocrx_word' id='word_1_29' title='bbox 557 518 600 545; x_wconf 85' lang='lat' dir='ltr'>V.</span> <span class='ocrx_word' id='word_1_30' title='bbox 631 504 685 546; x_wconf 83' lang='lat'>37</span> <span class='ocrx_word' id='word_1_31' title='bbox 715 503 773 546; x_wconf 90' lang='lat' dir='ltr'>ad</span> <span class='ocrx_word' id='word_1_32' title='bbox 802 504 1000 546; x_wconf 77' lang='lat' dir='ltr'>verbum·</span> <span class='ocrx_word' id='word_1_33' title='bbox 1015 505 1132 547; x_wconf 87' lang='lat' dir='ltr'>idem</span> <span class='ocrx_word' id='word_1_34' title='bbox 1162 511 1228 547; x_wconf 89' lang='lat' dir='ltr'>est</span> <span class='ocrx_word' id='word_1_35' title='bbox 1257 519 1356 548; x_wconf 90' lang='lat' dir='ltr'>cum</span> <span class='ocrx_word' id='word_1_36' title='bbox 1385 505 1646 549; x_wconf 86' lang='lat' dir='ltr'>Terentiano</span> 
     </span>
     <span class='ocr_line' id='line_1_6' title="bbox 91 563 1647 628; baseline 0.001 -12.973"><span class='ocrx_word' id='word_1_37' title='bbox 91 563 94 565; x_wconf 35' lang='lat'>⁵</span> <span class='ocrx_word' id='word_1_38' title='bbox 122 571 316 615; x_wconf 89' lang='lat' dir='ltr'>Andriae</span> <span class='ocrx_word' id='word_1_39' title='bbox 345 571 387 626; x_wconf 88' lang='lat'>3,</span> <span class='ocrx_word' id='word_1_40' title='bbox 418 571 459 625; x_wconf 87' lang='lat'>3,</span> <span class='ocrx_word' id='word_1_41' title='bbox 490 572 559 626; x_wconf 84' lang='grc'>23,</span> <span class='ocrx_word' id='word_1_42' title='bbox 591 586 746 614; x_wconf 88' lang='lat' dir='ltr'>versus</span> <span class='ocrx_word' id='word_1_43' title='bbox 773 572 842 626; x_wconf 85' lang='lat'>84,</span> <span class='ocrx_word' id='word_1_44' title='bbox 872 571 1043 614; x_wconf 82' lang='lat' dir='ltr'>litterae</span> <span class='ocrx_word' id='word_1_45' title='bbox 1071 573 1116 614; x_wconf 92' lang='lat' dir='ltr'><em>B</em></span> <span class='ocrx_word' id='word_1_46' title='bbox 1143 572 1336 628; x_wconf 85' lang='lat' dir='ltr'>ultimus,</span> <span class='ocrx_word' id='word_1_47' title='bbox 1368 574 1549 616; x_wconf 87' lang='lat' dir='ltr'>omissus</span> <span class='ocrx_word' id='word_1_48' title='bbox 1581 581 1647 616; x_wconf 90' lang='lat' dir='ltr'>est</span> 
     </span>
    </p>
   </div>
   <div class='ocr_carea' id='block_1_3' title="bbox 2 637 1644 822">
    <p class='ocr_par' dir='ltr' id='par_1_4' title="bbox 2 637 1644 822">
     <span class='ocr_line' id='line_1_7' title="bbox 41 637 1644 696; baseline 0 -13"><span class='ocrx_word' id='word_1_49' title='bbox 41 658 52 687; x_wconf 67' lang='grc' dir='ltr'>,ς</span> <span class='ocrx_word' id='word_1_50' title='bbox 122 640 170 683; x_wconf 92' lang='lat' dir='ltr'>in</span> <span class='ocrx_word' id='word_1_51' title='bbox 190 637 538 682; x_wconf 87' lang='lat' dir='ltr'>·Vindobonensi</span> <span class='ocrx_word' id='word_1_52' title='bbox 582 644 625 681; x_wconf 86' lang='lat' dir='ltr'>et</span> <span class='ocrx_word' id='word_1_53' title='bbox 664 638 722 680; x_wconf 90' lang='lat' dir='ltr'>ad</span> <span class='ocrx_word' id='word_1_54' title='bbox 756 639 995 682; x_wconf 88' lang='lat' dir='ltr'>Martinum</span> <span class='ocrx_word' id='word_1_55' title='bbox 1039 640 1324 683; x_wconf 87' lang='lat' dir='ltr'>Dumiensem</span> <span class='ocrx_word' id='word_1_56' title='bbox 1366 640 1644 696; x_wconf 83' lang='lat' dir='ltr'>referendus3</span> 
     </span>
     <span class='ocr_line' id='line_1_8' title="bbox 2 701 1643 766; baseline 0 -15"><span class='ocrx_word' id='word_1_57' title='bbox 2 746 5 754; x_wconf 84' lang='grc'>,</span> <span class='ocrx_word' id='word_1_58' title='bbox 49 701 63 757; x_wconf 53' lang='lat'>{⁹⁹-</span> <span class='ocrx_word' id='word_1_59' title='bbox 123 712 347 766; x_wconf 82' lang='lat' dir='ltr'>suspectus</span> <span class='ocrx_word' id='word_1_60' title='bbox 382 707 477 764; x_wconf 90' lang='lat' dir='ltr'>ipse</span> <span class='ocrx_word' id='word_1_61' title='bbox 505 706 648 761; x_wconf 83' lang='lat' dir='ltr'>loeus,</span> <span class='ocrx_word' id='word_1_62' title='bbox 687 721 771 764; x_wconf 88' lang='lat' dir='ltr'>quo</span> <span class='ocrx_word' id='word_1_63' title='bbox 800 707 846 749; x_wconf 90' lang='lat' dir='ltr'>in</span> <span class='ocrx_word' id='word_1_64' title='bbox 874 707 968 750; x_wconf 86' lang='lat' dir='ltr'>FV</span> <span class='ocrx_word' id='word_1_65' title='bbox 991 707 1056 750; x_wconf 93' lang='lat' dir='ltr'>illi</span> <span class='ocrx_word' id='word_1_66' title='bbox 1085 722 1238 750; x_wconf 87' lang='lat' dir='ltr'>versus</span> <span class='ocrx_word' id='word_1_67' title='bbox 1268 709 1499 765; x_wconf 85' lang='lat' dir='ltr'>perscripti</span> <span class='ocrx_word' id='word_1_68' title='bbox 1529 715 1643 763; x_wconf 86' lang='lat' dir='ltr'>sunt,</span> 
     </span>
     <span class='ocr_line' id='line_1_9' title="bbox 2 773 1644 822; baseline 0 -4"><span class='ocrx_word' id='word_1_69' title='bbox 2 784 7 789; x_wconf 86' lang='grc'><em>“</em></span> <span class='ocrx_word' id='word_1_70' title='bbox 39 787 58 822; x_wconf 71' lang='grc' dir='ltr'>ἴ</span> <span class='ocrx_word' id='word_1_71' title='bbox 123 775 170 818; x_wconf 89' lang='lat' dir='ltr'>in</span> <span class='ocrx_word' id='word_1_72' title='bbox 205 774 291 817; x_wconf 89' lang='lat' dir='ltr'>fine</span> <span class='ocrx_word' id='word_1_73' title='bbox 329 773 497 817; x_wconf 88' lang='lat' dir='ltr'>scilicet</span> <span class='ocrx_word' id='word_1_74' title='bbox 535 773 777 817; x_wconf 88' lang='lat' dir='ltr'>litterarum</span> <span class='ocrx_word' id='word_1_75' title='bbox 808 775 977 818; x_wconf 87' lang='lat' dir='ltr'><strong><em>A—M.</em></strong></span> <span class='ocrx_word' id='word_1_76' title='bbox 1036 776 1267 818; x_wconf 88' lang='lat' dir='ltr'>Praeterea</span> <span class='ocrx_word' id='word_1_77' title='bbox 1296 776 1342 817; x_wconf 90' lang='lat' dir='ltr'>in</span> <span class='ocrx_word' id='word_1_78' title='bbox 1370 775 1451 818; x_wconf 89' lang='lat' dir='ltr'>hac</span> <span class='ocrx_word' id='word_1_79' title='bbox 1481 777 1644 819; x_wconf 89' lang='lat' dir='ltr'>codicis</span> 
     </span>
    </p>
   </div>
   <div class='ocr_carea' id='block_1_4' title="bbox 45 841 1705 968">
    <p class='ocr_par' dir='ltr' id='par_1_5' title="bbox 39 835 1705 968">
     <span class='ocr_line' id='line_1_10' title="bbox 108 841 1643 900; baseline 0 -14"><span class='ocrx_word' id='word_1_80' title='bbox 108 841 699 900; x_wconf 54' lang='lat' dir='ltr'>›Frisingensis‘appendice</span> <span class='ocrx_word' id='word_1_81' title='bbox 734 848 821 885; x_wconf 89' lang='lat' dir='ltr'>tres</span> <span class='ocrx_word' id='word_1_82' title='bbox 853 850 1079 885; x_wconf 84' lang='lat' dir='ltr'>recurrunt</span> <span class='ocrx_word' id='word_1_83' title='bbox 1116 844 1377 897; x_wconf 88' lang='lat' dir='ltr'>sentcntiae,</span> <span class='ocrx_word' id='word_1_84' title='bbox 1416 858 1521 900; x_wconf 86' lang='lat' dir='ltr'>quas</span> <span class='ocrx_word' id='word_1_85' title='bbox 1553 859 1643 886; x_wconf 89' lang='lat' dir='ltr'>eas-</span> 
     </span>
     <span class='ocr_line' id='line_1_11' title="bbox 45 909 1705 968; baseline -0.001 -15.004"><span class='ocrx_word' id='word_1_86' title='bbox 45 916 51 968; x_wconf 74' lang='grc' dir='ltr'><em>ξ</em></span> <span class='ocrx_word' id='word_1_87' title='bbox 125 910 224 953; x_wconf 89' lang='lat' dir='ltr'>dem</span> <span class='ocrx_word' id='word_1_88' title='bbox 259 909 466 953; x_wconf 88' lang='lat' dir='ltr'>librarius</span> <span class='ocrx_word' id='word_1_89' title='bbox 504 910 593 952; x_wconf 91' lang='lat' dir='ltr'>iam</span> <span class='ocrx_word' id='word_1_90' title='bbox 622 925 754 967; x_wconf 87' lang='lat' dir='ltr'>supra</span> <span class='ocrx_word' id='word_1_91' title='bbox 783 911 1037 968; x_wconf 81' lang='lat' dir='ltr'>scripserat:</span> <span class='ocrx_word' id='word_1_92' title='bbox 1074 927 1118 954; x_wconf 89' lang='lat' dir='ltr'>v.</span> <span class='ocrx_word' id='word_1_93' title='bbox 1150 912 1204 954; x_wconf 85' lang='lat'>89</span> <span class='ocrx_word' id='word_1_94' title='bbox 1233 912 1443 967; x_wconf 85' lang='lat' dir='ltr'>integrior</span> <span class='ocrx_word' id='word_1_95' title='bbox 1472 918 1572 954; x_wconf 89' lang='lat' dir='ltr'>ante</span> <span class='ocrx_word' id='word_1_96' title='bbox 1601 926 1644 953; x_wconf 84' lang='lat' dir='ltr'>V.</span> <span class='ocrx_word' id='word_1_97' title='bbox 1702 942 1705 947; x_wconf 87' lang='lat'><em>.</em></span> 
     </span>
    </p>
   </div>
   <div class='ocr_carea' id='block_1_5' title="bbox 4 978 1645 1239">
    <p class='ocr_par' dir='ltr' id='par_1_6' title="bbox 4 975 1645 1239">
     <span class='ocr_line' id='line_1_12' title="bbox 4 978 1644 1036; baseline 0.001 -17"><span class='ocrx_word' id='word_1_98' title='bbox 4 999 5 1002; x_wconf 58' lang='lat'><em>=</em></span> <span class='ocrx_word' id='word_1_99' title='bbox 126 979 219 1033; x_wconf 73' lang='lat'>1073</span> <span class='ocrx_word' id='word_1_100' title='bbox 249 993 292 1021; x_wconf 88' lang='lat' dir='ltr'>v.</span> <span class='ocrx_word' id='word_1_101' title='bbox 326 978 407 1021; x_wconf 90' lang='grc'>182</span> <span class='ocrx_word' id='word_1_102' title='bbox 437 978 706 1022; x_wconf 86' lang='lat' dir='ltr'>emendatior</span> <span class='ocrx_word' id='word_1_103' title='bbox 735 984 834 1036; x_wconf 89' lang='lat' dir='ltr'>post</span> <span class='ocrx_word' id='word_1_104' title='bbox 862 994 905 1020; x_wconf 85' lang='lat' dir='ltr'>v.</span> <span class='ocrx_word' id='word_1_105' title='bbox 940 979 1034 1034; x_wconf 82' lang='lat'>193,</span> <span class='ocrx_word' id='word_1_106' title='bbox 1066 995 1108 1021; x_wconf 90' lang='lat' dir='ltr'>v.</span> <span class='ocrx_word' id='word_1_107' title='bbox 1130 980 1213 1022; x_wconf 83' lang='grc'>248</span> <span class='ocrx_word' id='word_1_108' title='bbox 1242 980 1415 1033; x_wconf 90' lang='lat' dir='ltr'>iterum,</span> <span class='ocrx_word' id='word_1_109' title='bbox 1446 979 1523 1021; x_wconf 83' lang='lat' dir='ltr'>sed</span> <span class='ocrx_word' id='word_1_110' title='bbox 1554 994 1644 1021; x_wconf 90' lang='lat' dir='ltr'>cor-</span> 
     </span>
     <span class='ocr_line' id='line_1_13' title="bbox 100 1043 1643 1105; baseline -0.001 -15.089"><span class='ocrx_word' id='word_1_111' title='bbox 100 1052 273 1105; x_wconf 88' lang='lat' dir='ltr'>·ruptus</span> <span class='ocrx_word' id='word_1_112' title='bbox 303 1045 465 1102; x_wconf 88' lang='lat' dir='ltr'>legitur</span> <span class='ocrx_word' id='word_1_113' title='bbox 494 1052 591 1103; x_wconf 89' lang='lat' dir='ltr'>post</span> <span class='ocrx_word' id='word_1_114' title='bbox 612 1061 654 1089; x_wconf 83' lang='lat' dir='ltr'>v,</span> <span class='ocrx_word' id='word_1_115' title='bbox 675 1046 772 1089; x_wconf 85' lang='grc'>262.</span> <span class='ocrx_word' id='word_1_116' title='bbox 831 1045 956 1089; x_wconf 88' lang='lat' dir='ltr'>Alias</span> <span class='ocrx_word' id='word_1_117' title='bbox 978 1048 1215 1089; x_wconf 87' lang='lat' dir='ltr'>sententias</span> <span class='ocrx_word' id='word_1_118' title='bbox 1243 1043 1290 1089; x_wconf 89' lang='lat' dir='ltr'>in</span> <span class='ocrx_word' id='word_1_119' title='bbox 1311 1046 1532 1089; x_wconf 84' lang='lat' dir='ltr'>codicibus</span> <span class='ocrx_word' id='word_1_120' title='bbox 1553 1062 1643 1088; x_wconf 91' lang='lat' dir='ltr'>mu-</span> 
     </span>
     <span class='ocr_line' id='line_1_14' title="bbox 122 1113 1645 1171; baseline -0.002 -12.209"><span class='ocrx_word' id='word_1_121' title='bbox 122 1113 259 1158; x_wconf 86' lang='lat' dir='ltr'>tilatis</span> <span class='ocrx_word' id='word_1_122' title='bbox 291 1119 492 1157; x_wconf 83' lang='lat' dir='ltr'>servatas</span> <span class='ocrx_word' id='word_1_123' title='bbox 531 1114 676 1156; x_wconf 87' lang='lat' dir='ltr'>scriba</span> <span class='ocrx_word' id='word_1_124' title='bbox 706 1114 1023 1170; x_wconf 87' lang='lat' dir='ltr'>Frisingensis,</span> <span class='ocrx_word' id='word_1_125' title='bbox 1064 1129 1159 1156; x_wconf 89' lang='lat' dir='ltr'>cum</span> <span class='ocrx_word' id='word_1_126' title='bbox 1198 1115 1287 1157; x_wconf 90' lang='lat' dir='ltr'>suis</span> <span class='ocrx_word' id='word_1_127' title='bbox 1326 1114 1431 1156; x_wconf 89' lang='lat' dir='ltr'>locis</span> <span class='ocrx_word' id='word_1_128' title='bbox 1464 1130 1569 1171; x_wconf 89' lang='lat' dir='ltr'>quos</span> <span class='ocrx_word' id='word_1_129' title='bbox 1600 1115 1645 1156; x_wconf 92' lang='lat' dir='ltr'>in</span> 
     </span>
     <span class='ocr_line' id='line_1_15' title="bbox 41 1181 1644 1239; baseline -0.001 -15.006"><span class='ocrx_word' id='word_1_130' title='bbox 41 1187 44 1188; x_wconf 48' lang='lat'><em>⁷</em></span> <span class='ocrx_word' id='word_1_131' title='bbox 113 1181 212 1224; x_wconf 65' lang='lat' dir='ltr'>⁴illis</span> <span class='ocrx_word' id='word_1_132' title='bbox 241 1181 439 1224; x_wconf 85' lang='lat' dir='ltr'>obtinent</span> <span class='ocrx_word' id='word_1_133' title='bbox 467 1181 746 1238; x_wconf 84' lang='lat' dir='ltr'>neglegentia</span> <span class='ocrx_word' id='word_1_134' title='bbox 774 1183 1109 1238; x_wconf 84' lang='lat' dir='ltr'>praetermisset,</span> <span class='ocrx_word' id='word_1_135' title='bbox 1140 1181 1242 1224; x_wconf 91' lang='lat' dir='ltr'>huic</span> <span class='ocrx_word' id='word_1_136' title='bbox 1270 1181 1503 1239; x_wconf 85' lang='lat' dir='ltr'>appendici</span> <span class='ocrx_word' id='word_1_137' title='bbox 1532 1182 1644 1224; x_wconf 90' lang='lat' dir='ltr'>inse-</span> 
     </span>
    </p>
   </div>
   <div class='ocr_carea' id='block_1_6' title="bbox 27 1227 1643 1372">
    <p class='ocr_par' dir='ltr' id='par_1_7' title="bbox 27 1227 1643 1372">
     <span class='ocr_line' id='line_1_16' title="bbox 27 1227 1643 1305; baseline -0.001 -12"><span class='ocrx_word' id='word_1_138' title='bbox 27 1227 50 1293; x_wconf 73' lang='grc' dir='ltr'>ἶ</span> <span class='ocrx_word' id='word_1_139' title='bbox 122 1250 232 1305; x_wconf 75' lang='lat' dir='ltr'>ruit,</span> <span class='ocrx_word' id='word_1_140' title='bbox 270 1264 314 1292; x_wconf 85' lang='lat' dir='ltr'>v.</span> <span class='ocrx_word' id='word_1_141' title='bbox 342 1249 397 1292; x_wconf 84' lang='lat'>47</span> <span class='ocrx_word' id='word_1_142' title='bbox 437 1248 552 1291; x_wconf 72' lang='lat' dir='ltr'>inter</span> <span class='ocrx_word' id='word_1_143' title='bbox 589 1264 631 1290; x_wconf 85' lang='lat' dir='ltr'>v.</span> <span class='ocrx_word' id='word_1_144' title='bbox 665 1251 718 1292; x_wconf 84' lang='lat'>79</span> <span class='ocrx_word' id='word_1_145' title='bbox 749 1256 791 1292; x_wconf 73' lang='lat' dir='ltr'>et</span> <span class='ocrx_word' id='word_1_146' title='bbox 821 1250 897 1304; x_wconf 88' lang='lat'>80,</span> <span class='ocrx_word' id='word_1_147' title='bbox 936 1265 979 1292; x_wconf 86' lang='lat' dir='ltr'>v.</span> <span class='ocrx_word' id='word_1_148' title='bbox 1011 1250 1093 1292; x_wconf 64' lang='lat'>217</span> <span class='ocrx_word' id='word_1_149' title='bbox 1133 1251 1248 1292; x_wconf 73' lang='lat' dir='ltr'>inter</span> <span class='ocrx_word' id='word_1_150' title='bbox 1287 1265 1329 1290; x_wconf 79' lang='lat' dir='ltr'>v.</span> <span class='ocrx_word' id='word_1_151' title='bbox 1360 1249 1444 1292; x_wconf 77' lang='lat'>225</span> <span class='ocrx_word' id='word_1_152' title='bbox 1474 1255 1517 1291; x_wconf 74' lang='lat' dir='ltr'>et</span> <span class='ocrx_word' id='word_1_153' title='bbox 1546 1249 1643 1302; x_wconf 79' lang='lat'>226,</span> 
     </span>
     <span class='ocr_line' id='line_1_17' title="bbox 41 1317 1532 1372; baseline -0.001 -12"><span class='ocrx_word' id='word_1_154' title='bbox 41 1320 43 1322; x_wconf 74' lang='grc'><strong>’</strong></span> <span class='ocrx_word' id='word_1_155' title='bbox 123 1332 166 1360; x_wconf 77' lang='lat' dir='ltr'>v·</span> <span class='ocrx_word' id='word_1_156' title='bbox 195 1317 278 1360; x_wconf 85' lang='lat'>241</span> <span class='ocrx_word' id='word_1_157' title='bbox 307 1317 424 1359; x_wconf 87' lang='lat' dir='ltr'>inter</span> <span class='ocrx_word' id='word_1_158' title='bbox 452 1331 496 1359; x_wconf 88' lang='lat' dir='ltr'>v.</span> <span class='ocrx_word' id='word_1_159' title='bbox 526 1317 611 1360; x_wconf 81' lang='lat'>263</span> <span class='ocrx_word' id='word_1_160' title='bbox 641 1323 684 1360; x_wconf 90' lang='lat' dir='ltr'>et</span> <span class='ocrx_word' id='word_1_161' title='bbox 713 1317 811 1372; x_wconf 89' lang='grc'>264,</span> <span class='ocrx_word' id='word_1_162' title='bbox 846 1332 890 1359; x_wconf 91' lang='lat' dir='ltr'>v.</span> <span class='ocrx_word' id='word_1_163' title='bbox 920 1318 1004 1360; x_wconf 78' lang='lat'>233</span> <span class='ocrx_word' id='word_1_164' title='bbox 1033 1319 1147 1360; x_wconf 87' lang='lat' dir='ltr'>inter</span> <span class='ocrx_word' id='word_1_165' title='bbox 1176 1332 1220 1359; x_wconf 75' lang='lat' dir='ltr'>v,</span> <span class='ocrx_word' id='word_1_166' title='bbox 1249 1317 1346 1360; x_wconf 82' lang='grc'>276</span> <span class='ocrx_word' id='word_1_167' title='bbox 1364 1322 1407 1358; x_wconf 88' lang='lat' dir='ltr'>et</span> <span class='ocrx_word' id='word_1_168' title='bbox 1435 1317 1532 1359; x_wconf 83' lang='lat'><strong>277.</strong></span> 
     </span>
    </p>
   </div>
   <div class='ocr_carea' id='block_1_7' title="bbox 236 1384 1646 1442">
    <p class='ocr_par' dir='ltr' id='par_1_8' title="bbox 236 1384 1646 1442">
     <span class='ocr_line' id='line_1_18' title="bbox 236 1384 1646 1442; baseline -0.002 -13"><span class='ocrx_word' id='word_1_169' title='bbox 236 1385 284 1429; x_wconf 83' lang='lat' dir='ltr'>Si</span> <span class='ocrx_word' id='word_1_170' title='bbox 320 1385 508 1442; x_wconf 88' lang='lat' dir='ltr'>denique</span> <span class='ocrx_word' id='word_1_171' title='bbox 546 1399 750 1442; x_wconf 85' lang='lat' dir='ltr'>quaeras,</span> <span class='ocrx_word' id='word_1_172' title='bbox 790 1401 894 1428; x_wconf 89' lang='lat' dir='ltr'>num</span> <span class='ocrx_word' id='word_1_173' title='bbox 930 1399 977 1428; x_wconf 87' lang='lat' dir='ltr'>se</span> <span class='ocrx_word' id='word_1_174' title='bbox 1014 1385 1315 1427; x_wconf 88' lang='lat' dir='ltr'>commendent</span> <span class='ocrx_word' id='word_1_175' title='bbox 1351 1386 1471 1441; x_wconf 86' lang='lat' dir='ltr'>ipsae</span> <span class='ocrx_word' id='word_1_176' title='bbox 1500 1384 1646 1442; x_wconf 89' lang='lat' dir='ltr'>lepore</span> 
     </span>
    </p>
   </div>
   <div class='ocr_carea' id='block_1_8' title="bbox 23 1435 1643 1510">
    <p class='ocr_par' dir='ltr' id='par_1_9' title="bbox 23 1435 1643 1510">
     <span class='ocr_line' id='line_1_19' title="bbox 23 1435 1643 1510; baseline -0.002 -14"><span class='ocrx_word' id='word_1_177' title='bbox 23 1435 40 1470; x_wconf 14' lang='grc' dir='ltr'>Δ*</span> <span class='ocrx_word' id='word_1_178' title='bbox 120 1458 197 1496; x_wconf 89' lang='lat' dir='ltr'>aut</span> <span class='ocrx_word' id='word_1_179' title='bbox 226 1452 402 1495; x_wconf 89' lang='lat' dir='ltr'>dicendi</span> <span class='ocrx_word' id='word_1_180' title='bbox 430 1467 614 1509; x_wconf 88' lang='lat' dir='ltr'>genere,</span> <span class='ocrx_word' id='word_1_181' title='bbox 645 1452 774 1510; x_wconf 88' lang='lat' dir='ltr'>longe</span> <span class='ocrx_word' id='word_1_182' title='bbox 803 1452 1010 1510; x_wconf 90' lang='lat' dir='ltr'>plurimas</span> <span class='ocrx_word' id='word_1_183' title='bbox 1041 1452 1281 1495; x_wconf 87' lang='lat' dir='ltr'>simillimas</span> <span class='ocrx_word' id='word_1_184' title='bbox 1313 1467 1407 1494; x_wconf 89' lang='lat' dir='ltr'>esse</span> <span class='ocrx_word' id='word_1_185' title='bbox 1437 1451 1643 1494; x_wconf 89' lang='lat' dir='ltr'>Publilia-</span> 
     </span>
    </p>
   </div>
   <div class='ocr_carea' id='block_1_9' title="bbox 71 1518 1643 1575">
    <p class='ocr_par' dir='ltr' id='par_1_10' title="bbox 71 1518 1643 1575">
     <span class='ocr_line' id='line_1_20' title="bbox 71 1518 1643 1575; baseline -0.001 -13"><span class='ocrx_word' id='word_1_186' title='bbox 71 1525 83 1535; x_wconf 70' lang='lat'><strong>·</strong></span> <span class='ocrx_word' id='word_1_187' title='bbox 125 1521 192 1562; x_wconf 88' lang='lat' dir='ltr'>nis</span> <span class='ocrx_word' id='word_1_188' title='bbox 230 1520 360 1563; x_wconf 84' lang='lat' dir='ltr'>facile</span> <span class='ocrx_word' id='word_1_189' title='bbox 396 1519 721 1564; x_wconf 89' lang='lat' dir='ltr'>concedendum</span> <span class='ocrx_word' id='word_1_190' title='bbox 752 1527 841 1575; x_wconf 86' lang='lat' dir='ltr'>est,</span> <span class='ocrx_word' id='word_1_191' title='bbox 879 1521 941 1562; x_wconf 89' lang='lat' dir='ltr'>ita</span> <span class='ocrx_word' id='word_1_192' title='bbox 970 1527 1140 1575; x_wconf 87' lang='lat' dir='ltr'>tamen,</span> <span class='ocrx_word' id='word_1_193' title='bbox 1178 1527 1226 1563; x_wconf 85' lang='lat' dir='ltr'>ut</span> <span class='ocrx_word' id='word_1_194' title='bbox 1255 1518 1484 1562; x_wconf 88' lang='lat' dir='ltr'>nonnullae</span> <span class='ocrx_word' id='word_1_195' title='bbox 1514 1521 1643 1561; x_wconf 88' lang='lat' dir='ltr'>inter-</span> 
     </span>
    </p>
   </div>
   <div class='ocr_carea' id='block_1_10' title="bbox 124 1588 1642 1713">
    <p class='ocr_par' dir='ltr' id='par_1_11' title="bbox 124 1588 1642 1713">
     <span class='ocr_line' id='line_1_21' title="bbox 124 1588 1642 1646; baseline -0.001 -15"><span class='ocrx_word' id='word_1_196' title='bbox 124 1595 322 1644; x_wconf 84' lang='lat' dir='ltr'>currant,</span> <span class='ocrx_word' id='word_1_197' title='bbox 352 1603 463 1646; x_wconf 89' lang='lat' dir='ltr'>quae</span> <span class='ocrx_word' id='word_1_198' title='bbox 491 1588 778 1646; x_wconf 85' lang='lat' dir='ltr'>paraphrases</span> <span class='ocrx_word' id='word_1_199' title='bbox 809 1589 1121 1631; x_wconf 89' lang='lat' dir='ltr'>sententiarum</span> <span class='ocrx_word' id='word_1_200' title='bbox 1149 1589 1425 1631; x_wconf 88' lang='lat' dir='ltr'>metricarum</span> <span class='ocrx_word' id='word_1_201' title='bbox 1456 1602 1550 1629; x_wconf 86' lang='lat' dir='ltr'>esse</span> <span class='ocrx_word' id='word_1_202' title='bbox 1579 1588 1642 1629; x_wconf 86' lang='lat' dir='ltr'>vi-</span> 
     </span>
     <span class='ocr_line' id='line_1_22' title="bbox 126 1655 890 1713; baseline 0 -15"><span class='ocrx_word' id='word_1_203' title='bbox 126 1655 323 1700; x_wconf 87' lang='lat' dir='ltr'>deantur.</span> <span class='ocrx_word' id='word_1_204' title='bbox 382 1656 608 1699; x_wconf 84' lang='lat' dir='ltr'>Sententia</span> <span class='ocrx_word' id='word_1_205' title='bbox 637 1657 692 1700; x_wconf 91' lang='lat'>83</span> <span class='ocrx_word' id='word_1_206' title='bbox 723 1671 792 1698; x_wconf 83' lang='lat' dir='ltr'>ex.</span> <span class='ocrx_word' id='word_1_207' title='bbox 823 1671 890 1713; x_wconf 85' lang='lat' dir='ltr'>gr.</span> 
     </span>
    </p>
   </div>
   <div class='ocr_carea' id='block_1_11' title="bbox 449 1762 1318 1811">
    <p class='ocr_par' dir='ltr' id='par_1_12' title="bbox 449 1762 1318 1811">
     <span class='ocr_line' id='line_1_23' title="bbox 449 1762 1318 1811; baseline -0.002 -9"><span class='ocrx_word' id='word_1_208' title='bbox 449 1763 559 1803; x_wconf 63' lang='lat' dir='ltr'>Beue</span> <span class='ocrx_word' id='word_1_209' title='bbox 588 1764 724 1802; x_wconf 72' lang='lat' dir='ltr'>audire</span> <span class='ocrx_word' id='word_1_210' title='bbox 753 1764 918 1802; x_wconf 78' lang='lat' dir='ltr'>alterum</span> <span class='ocrx_word' id='word_1_211' title='bbox 939 1762 1226 1811; x_wconf 72' lang='lat' dir='ltr'>patrimonium</span> <span class='ocrx_word' id='word_1_212' title='bbox 1254 1765 1318 1801; x_wconf 75' lang='lat' dir='ltr'>est.</span> 
     </span>
    </p>
   </div>
   <div class='ocr_carea' id='block_1_12' title="bbox 116 1858 1642 1989">
    <p class='ocr_par' dir='ltr' id='par_1_13' title="bbox 116 1858 1642 1989">
     <span class='ocr_line' id='line_1_24' title="bbox 116 1858 1642 1924; baseline -0.002 -21"><span class='ocrx_word' id='word_1_213' title='bbox 116 1859 278 1903; x_wconf 74' lang='lat' dir='ltr'>vultima</span> <span class='ocrx_word' id='word_1_214' title='bbox 305 1859 475 1904; x_wconf 88' lang='lat' dir='ltr'>litterae</span> <span class='ocrx_word' id='word_1_215' title='bbox 503 1861 549 1904; x_wconf 90' lang='lat' dir='ltr'><em>B</em></span> <span class='ocrx_word' id='word_1_216' title='bbox 577 1862 624 1903; x_wconf 91' lang='lat' dir='ltr'>in</span> <span class='ocrx_word' id='word_1_217' title='bbox 653 1860 749 1918; x_wconf 86' lang='lat' dir='ltr'>cod.</span> <span class='ocrx_word' id='word_1_218' title='bbox 781 1859 914 1902; x_wconf 87' lang='lat' dir='ltr'>Vind.</span> <span class='ocrx_word' id='word_1_219' title='bbox 946 1874 1075 1917; x_wconf 90' lang='lat' dir='ltr'>quam</span> <span class='ocrx_word' id='word_1_220' title='bbox 1104 1858 1374 1924; x_wconf 23' lang='lat' dir='ltr'>Rib‘beckius</span> <span class='ocrx_word' id='word_1_221' title='bbox 1404 1859 1518 1901; x_wconf 88' lang='lat' dir='ltr'>inter</span> <span class='ocrx_word' id='word_1_222' title='bbox 1547 1873 1642 1916; x_wconf 89' lang='lat' dir='ltr'>pro-</span> 
     </span>
     <span class='ocr_line' id='line_1_25' title="bbox 126 1927 842 1989; baseline -0.001 -18"><span class='ocrx_word' id='word_1_223' title='bbox 126 1927 248 1971; x_wconf 85' lang='lat' dir='ltr'>batas</span> <span class='ocrx_word' id='word_1_224' title='bbox 277 1927 446 1989; x_wconf 86' lang='lat' dir='ltr'>rettulit</span> <span class='ocrx_word' id='word_1_225' title='bbox 475 1930 540 1971; x_wconf 88' lang='lat' dir='ltr'>sic</span> <span class='ocrx_word' id='word_1_226' title='bbox 569 1928 842 1971; x_wconf 88' lang='lat' dir='ltr'>emendatam</span> 
     </span>
    </p>
   </div>
   <div class='ocr_carea' id='block_1_13' title="bbox 354 2031 1398 2086">
    <p class='ocr_par' dir='ltr' id='par_1_14' title="bbox 354 2031 1398 2086">
     <span class='ocr_line' id='line_1_26' title="bbox 354 2031 1398 2086; baseline -0.004 -12"><span class='ocrx_word' id='word_1_227' title='bbox 354 2035 463 2074; x_wconf 74' lang='lat' dir='ltr'>Bene</span> <span class='ocrx_word' id='word_1_228' title='bbox 495 2031 635 2086; x_wconf 69' lang='lat' dir='ltr'>[vulyo]</span> <span class='ocrx_word' id='word_1_229' title='bbox 668 2035 805 2073; x_wconf 75' lang='lat' dir='ltr'>audire</span> <span class='ocrx_word' id='word_1_230' title='bbox 834 2037 887 2072; x_wconf 73' lang='lat' dir='ltr'>est</span> <span class='ocrx_word' id='word_1_231' title='bbox 917 2034 1080 2072; x_wconf 77' lang='lat' dir='ltr'>alterum</span> <span class='ocrx_word' id='word_1_232' title='bbox 1101 2034 1398 2082; x_wconf 72' lang='lat' dir='ltr'>patrimonium,</span> 
     </span>
    </p>
   </div>
   <div class='ocr_carea' id='block_1_14' title="bbox 124 2124 1644 2190">
    <p class='ocr_par' dir='ltr' id='par_1_15' title="bbox 124 2124 1644 2190">
     <span class='ocr_line' id='line_1_27' title="bbox 124 2124 1644 2190; baseline -0.003 -16"><span class='ocrx_word' id='word_1_233' title='bbox 124 2131 422 2190; x_wconf 88' lang='lat' dir='ltr'>interpretatio</span> <span class='ocrx_word' id='word_1_234' title='bbox 459 2133 603 2190; x_wconf 82' lang='lat' dir='ltr'>potius</span> <span class='ocrx_word' id='word_1_235' title='bbox 634 2147 677 2174; x_wconf 89' lang='lat' dir='ltr'>v.</span> <span class='ocrx_word' id='word_1_236' title='bbox 708 2132 789 2174; x_wconf 93' lang='grc'>217</span> <span class='ocrx_word' id='word_1_237' title='bbox 821 2124 1006 2173; x_wconf 84' lang='lat' dir='ltr'>dicenda</span> <span class='ocrx_word' id='word_1_238' title='bbox 1036 2132 1130 2172; x_wconf 89' lang='lat' dir='ltr'>erit.</span> <span class='ocrx_word' id='word_1_239' title='bbox 1190 2129 1258 2172; x_wconf 83' lang='lat' dir='ltr'>Cf.</span> <span class='ocrx_word' id='word_1_240' title='bbox 1294 2144 1442 2171; x_wconf 85' lang='lat' dir='ltr'>versus</span> <span class='ocrx_word' id='word_1_241' title='bbox 1477 2142 1644 2185; x_wconf 89' lang='lat' dir='ltr'>quoquc</span> 
     </span>
    </p>
   </div>
   <div class='ocr_carea' id='block_1_15' title="bbox 25 2197 1644 2391">
    <p class='ocr_par' dir='ltr' id='par_1_16' title="bbox 23 2178 1644 2391">
     <span class='ocr_line' id='line_1_28' title="bbox 126 2197 1641 2255; baseline -0.004 -12.446"><span class='ocrx_word' id='word_1_242' title='bbox 126 2213 169 2241; x_wconf 88' lang='lat' dir='ltr'>v.</span> <span class='ocrx_word' id='word_1_243' title='bbox 201 2199 280 2242; x_wconf 88' lang='lat'>141</span> <span class='ocrx_word' id='word_1_244' title='bbox 319 2205 362 2242; x_wconf 86' lang='lat' dir='ltr'>et</span> <span class='ocrx_word' id='word_1_245' title='bbox 390 2215 434 2242; x_wconf 84' lang='lat' dir='ltr'>V.</span> <span class='ocrx_word' id='word_1_246' title='bbox 469 2200 570 2255; x_wconf 87' lang='lat'>165,</span> <span class='ocrx_word' id='word_1_247' title='bbox 602 2199 780 2242; x_wconf 89' lang='lat' dir='ltr'>ultimus</span> <span class='ocrx_word' id='word_1_248' title='bbox 816 2198 987 2241; x_wconf 86' lang='lat' dir='ltr'>litterae</span> <span class='ocrx_word' id='word_1_249' title='bbox 1017 2198 1072 2242; x_wconf 85' lang='lat' dir='ltr'>E.</span> <span class='ocrx_word' id='word_1_250' title='bbox 1132 2198 1279 2251; x_wconf 77' lang='lat' dir='ltr'>Quare</span> <span class='ocrx_word' id='word_1_251' title='bbox 1316 2198 1379 2239; x_wconf 87' lang='lat' dir='ltr'>sic</span> <span class='ocrx_word' id='word_1_252' title='bbox 1417 2197 1641 2238; x_wconf 84' lang='lat' dir='ltr'>existimo:</span> 
     </span>
     <span class='ocr_line' id='line_1_29' title="bbox 50 2263 1644 2318; baseline -0.003 -9"><span class='ocrx_word' id='word_1_253' title='bbox 50 2267 54 2271; x_wconf 80' lang='grc'><strong>’</strong></span> <span class='ocrx_word' id='word_1_254' title='bbox 125 2266 488 2311; x_wconf 43' lang='lat' dir='ltr'>&amp;indicandas</span> <span class='ocrx_word' id='word_1_255' title='bbox 528 2283 646 2311; x_wconf 89' lang='lat' dir='ltr'>esse</span> <span class='ocrx_word' id='word_1_256' title='bbox 689 2268 782 2310; x_wconf 91' lang='lat' dir='ltr'>has</span> <span class='ocrx_word' id='word_1_257' title='bbox 827 2266 1133 2309; x_wconf 86' lang='lat' dir='ltr'>sententias</span> <span class='ocrx_word' id='word_1_258' title='bbox 1172 2264 1434 2318; x_wconf 90' lang='lat' dir='ltr'>Publilio,</span> <span class='ocrx_word' id='word_1_259' title='bbox 1480 2263 1644 2305; x_wconf 91' lang='lat' dir='ltr'>donec</span> 
     </span>
     <span class='ocr_line' id='line_1_30' title="bbox 25 2332 1642 2391; baseline -0.004 -13"><span class='ocrx_word' id='word_1_260' title='bbox 35 2347 74 2386; x_wconf 61' lang='grc'>’,</span> <span class='ocrx_word' id='word_1_261' title='bbox 125 2341 216 2378; x_wconf 88' lang='lat' dir='ltr'>aut</span> <span class='ocrx_word' id='word_1_262' title='bbox 246 2336 487 2378; x_wconf 84' lang='lat' dir='ltr'>externis</span> <span class='ocrx_word' id='word_1_263' title='bbox 518 2342 607 2378; x_wconf 86' lang='lat' dir='ltr'>aut</span> <span class='ocrx_word' id='word_1_264' title='bbox 637 2335 870 2378; x_wconf 91' lang='lat' dir='ltr'>internis</span> <span class='ocrx_word' id='word_1_265' title='bbox 898 2334 1225 2391; x_wconf 86' lang='lat' dir='ltr'>argumentis</span> <span class='ocrx_word' id='word_1_266' title='bbox 1246 2332 1503 2390; x_wconf 85' lang='lat' dir='ltr'>probetur</span> <span class='ocrx_word' id='word_1_267' title='bbox 1525 2345 1642 2372; x_wconf 89' lang='lat' dir='ltr'>con-</span> 
     </span>
    </p>
   </div>
   <div class='ocr_carea' id='block_1_16' title="bbox 125 2397 1642 2461">
    <p class='ocr_par' dir='ltr' id='par_1_17' title="bbox 125 2397 1642 2461">
     <span class='ocr_line' id='line_1_31' title="bbox 125 2397 1642 2461; baseline -0.003 -17"><span class='ocrx_word' id='word_1_268' title='bbox 125 2403 370 2459; x_wconf 82' lang='lat' dir='ltr'>trarium3</span> <span class='ocrx_word' id='word_1_269' title='bbox 401 2402 651 2461; x_wconf 85' lang='lat' dir='ltr'>praevalere</span> <span class='ocrx_word' id='word_1_270' title='bbox 681 2402 856 2460; x_wconf 92' lang='lat' dir='ltr'>quidem</span> <span class='ocrx_word' id='word_1_271' title='bbox 882 2401 1276 2460; x_wconf 84' lang='lat' dir='ltr'>praesumptionem</span> <span class='ocrx_word' id='word_1_272' title='bbox 1297 2400 1476 2454; x_wconf 87' lang='lat' dir='ltr'>originis</span> <span class='ocrx_word' id='word_1_273' title='bbox 1497 2397 1642 2441; x_wconf 90' lang='lat' dir='ltr'>Publi-</span> 
     </span>
    </p>
   </div>
   <div class='ocr_carea' id='block_1_17' title="bbox 31 2465 1642 2532">
    <p class='ocr_par' dir='ltr' id='par_1_18' title="bbox 31 2465 1642 2532">
     <span class='ocr_line' id='line_1_32' title="bbox 31 2465 1642 2532; baseline -0.007 -15"><span class='ocrx_word' id='word_1_274' title='bbox 31 2501 67 2532; x_wconf 77' lang='lat'>,¹</span> <span class='ocrx_word' id='word_1_275' title='bbox 126 2469 292 2525; x_wconf 85' lang='lat' dir='ltr'>lianae,</span> <span class='ocrx_word' id='word_1_276' title='bbox 331 2470 420 2514; x_wconf 82' lang='lat' dir='ltr'>sed&#39;</span> <span class='ocrx_word' id='word_1_277' title='bbox 446 2471 673 2514; x_wconf 90' lang='lat' dir='ltr'>librarium</span> <span class='ocrx_word' id='word_1_278' title='bbox 712 2470 874 2512; x_wconf 86' lang='lat' dir='ltr'>codicis</span> <span class='ocrx_word' id='word_1_279' title='bbox 906 2469 966 2522; x_wconf 84' lang='lat' dir='ltr'>F,</span> <span class='ocrx_word' id='word_1_280' title='bbox 1007 2483 1104 2510; x_wconf 88' lang='lat' dir='ltr'>cum</span> <span class='ocrx_word' id='word_1_281' title='bbox 1135 2483 1190 2510; x_wconf 86' lang='lat' dir='ltr'>cx</span> <span class='ocrx_word' id='word_1_282' title='bbox 1219 2467 1388 2510; x_wconf 86' lang='lat' dir='ltr'>duobus</span> <span class='ocrx_word' id='word_1_283' title='bbox 1420 2465 1642 2508; x_wconf 89' lang='lat' dir='ltr'>codicibus</span> 
     </span>
    </p>
   </div>
   <div class='ocr_carea' id='block_1_18' title="bbox 126 2535 1642 2663">
    <p class='ocr_par' dir='ltr' id='par_1_19' title="bbox 126 2535 1642 2663">
     <span class='ocr_line' id='line_1_33' title="bbox 126 2535 1216 2594; baseline -0.003 -14"><span class='ocrx_word' id='word_1_284' title='bbox 126 2539 363 2581; x_wconf 83' lang='lat' dir='ltr'>sententias</span> <span class='ocrx_word' id='word_1_285' title='bbox 394 2545 659 2593; x_wconf 85' lang='lat' dir='ltr'>contexeret,</span> <span class='ocrx_word' id='word_1_286' title='bbox 690 2537 760 2579; x_wconf 92' lang='lat' dir='ltr'>hic</span> <span class='ocrx_word' id='word_1_287' title='bbox 790 2536 881 2579; x_wconf 92' lang='lat' dir='ltr'>illic</span> <span class='ocrx_word' id='word_1_288' title='bbox 909 2535 1078 2594; x_wconf 90' lang='lat' dir='ltr'>lapsum</span> <span class='ocrx_word' id='word_1_289' title='bbox 1108 2550 1216 2578; x_wconf 85' lang='lat' dir='ltr'>esse.</span> 
     </span>
     <span class='ocr_line' id='line_1_34' title="bbox 237 2602 1642 2663; baseline -0.006 -13"><span class='ocrx_word' id='word_1_290' title='bbox 237 2606 284 2663; x_wconf 87' lang='lat'>5)</span> <span class='ocrx_word' id='word_1_291' title='bbox 315 2606 424 2649; x_wconf 81' lang='lat' dir='ltr'>Cum</span> <span class='ocrx_word' id='word_1_292' title='bbox 455 2607 715 2648; x_wconf 86' lang='lat' dir='ltr'>vetustiores</span> <span class='ocrx_word' id='word_1_293' title='bbox 745 2604 915 2647; x_wconf 87' lang='lat' dir='ltr'>codices</span> <span class='ocrx_word' id='word_1_294' title='bbox 947 2604 1148 2646; x_wconf 86' lang='lat' dir='ltr'>desinant</span> <span class='ocrx_word' id='word_1_295' title='bbox 1175 2603 1220 2644; x_wconf 90' lang='lat' dir='ltr'>in</span> <span class='ocrx_word' id='word_1_296' title='bbox 1242 2602 1453 2644; x_wconf 88' lang='lat' dir='ltr'>decimam</span> <span class='ocrx_word' id='word_1_297' title='bbox 1473 2606 1642 2642; x_wconf 89' lang='lat' dir='ltr'>sentcn-</span> 
     </span>
    </p>
   </div>
   <div class='ocr_carea' id='block_1_19' title="bbox 78 2667 1640 2726">
    <p class='ocr_par' dir='ltr' id='par_1_20' title="bbox 22 2664 1640 2726">
     <span class='ocr_line' id='line_1_35' title="bbox 78 2667 1640 2726; baseline -0.006 -9.311"><span class='ocrx_word' id='word_1_298' title='bbox 78 2711 81 2713; x_wconf 39' lang='lat'>&gt;</span> <span class='ocrx_word' id='word_1_299' title='bbox 125 2674 232 2716; x_wconf 83' lang='lat' dir='ltr'>tiam</span> <span class='ocrx_word' id='word_1_300' title='bbox 260 2673 432 2717; x_wconf 87' lang='lat' dir='ltr'>litterae</span> <span class='ocrx_word' id='word_1_301' title='bbox 453 2674 509 2726; x_wconf 90' lang='lat' dir='ltr'>N,</span> <span class='ocrx_word' id='word_1_302' title='bbox 541 2675 626 2716; x_wconf 88' lang='lat' dir='ltr'>iam</span> <span class='ocrx_word' id='word_1_303' title='bbox 656 2667 852 2715; x_wconf 84' lang='lat' dir='ltr'>nostrum</span> <span class='ocrx_word' id='word_1_304' title='bbox 874 2673 955 2714; x_wconf 88' lang='lat' dir='ltr'>erit</span> <span class='ocrx_word' id='word_1_305' title='bbox 976 2671 1238 2724; x_wconf 84' lang='lat' dir='ltr'>examinare,</span> <span class='ocrx_word' id='word_1_306' title='bbox 1271 2669 1396 2726; x_wconf 90' lang='lat' dir='ltr'>quid</span> <span class='ocrx_word' id='word_1_307' title='bbox 1427 2682 1640 2709; x_wconf 86' lang='lat' dir='ltr'>censen-</span> 
     </span>
    </p>
   </div>
   <div class='ocr_carea' id='block_1_20' title="bbox 0 0 119 3308">
    <p class='ocr_par' dir='ltr' id='par_1_21' title="bbox 0 0 119 3308">
     <span class='ocr_line' id='line_1_36' title="bbox 0 0 119 3308; baseline 0 0"><span class='ocrx_word' id='word_1_308' title='bbox 0 0 119 3308; x_wconf 95' lang='lat' dir='ltr'> </span> 
     </span>
    </p>
   </div>
   <div class='ocr_carea' id='block_1_21' title="bbox 125 2736 1643 2933">
    <p class='ocr_par' dir='ltr' id='par_1_22' title="bbox 125 2736 1643 2933">
     <span class='ocr_line' id='line_1_37' title="bbox 127 2736 1641 2795; baseline -0.005 -11"><span class='ocrx_word' id='word_1_309' title='bbox 127 2741 245 2785; x_wconf 85' lang='lat' dir='ltr'>dum</span> <span class='ocrx_word' id='word_1_310' title='bbox 283 2742 354 2784; x_wconf 88' lang='lat' dir='ltr'>sit</span> <span class='ocrx_word' id='word_1_311' title='bbox 390 2741 451 2783; x_wconf 89' lang='lat' dir='ltr'>de</span> <span class='ocrx_word' id='word_1_312' title='bbox 481 2740 732 2783; x_wconf 86' lang='lat' dir='ltr'>versibus</span> <span class='ocrx_word' id='word_1_313' title='bbox 763 2740 857 2782; x_wconf 88' lang='grc'>387</span> <span class='ocrx_word' id='word_1_314' title='bbox 890 2750 1029 2795; x_wconf 78' lang='lat' dir='ltr'>seqq.</span> <span class='ocrx_word' id='word_1_315' title='bbox 1090 2737 1219 2790; x_wconf 82' lang='lat' dir='ltr'>Quod</span> <span class='ocrx_word' id='word_1_316' title='bbox 1247 2736 1304 2778; x_wconf 88' lang='lat' dir='ltr'>ad</span> <span class='ocrx_word' id='word_1_317' title='bbox 1335 2736 1444 2777; x_wconf 88' lang='lat' dir='ltr'>hanc</span> <span class='ocrx_word' id='word_1_318' title='bbox 1474 2741 1641 2777; x_wconf 86' lang='lat' dir='ltr'>senten-</span> 
     </span>
     <span class='ocr_line' id='line_1_38' title="bbox 125 2801 1640 2867; baseline -0.005 -16"><span class='ocrx_word' id='word_1_319' title='bbox 125 2809 284 2851; x_wconf 87' lang='lat' dir='ltr'>tiarum</span> <span class='ocrx_word' id='word_1_320' title='bbox 310 2815 477 2867; x_wconf 77' lang='lat' dir='ltr'>partem</span> <span class='ocrx_word' id='word_1_321' title='bbox 506 2809 678 2862; x_wconf 89' lang='lat' dir='ltr'>attinet,</span> <span class='ocrx_word' id='word_1_322' title='bbox 709 2808 770 2849; x_wconf 90' lang='lat' dir='ltr'>ita</span> <span class='ocrx_word' id='word_1_323' title='bbox 797 2805 853 2848; x_wconf 88' lang='lat' dir='ltr'>ad</span> <span class='ocrx_word' id='word_1_324' title='bbox 875 2820 1085 2847; x_wconf 87' lang='lat' dir='ltr'>summam</span> <span class='ocrx_word' id='word_1_325' title='bbox 1115 2804 1339 2862; x_wconf 87' lang='lat' dir='ltr'>penuriam</span> <span class='ocrx_word' id='word_1_326' title='bbox 1369 2801 1640 2860; x_wconf 84' lang='lat' dir='ltr'>suppellecti-</span> 
     </span>
     <span class='ocr_line' id='line_1_39' title="bbox 127 2871 1643 2933; baseline -0.004 -16"><span class='ocrx_word' id='word_1_327' title='bbox 127 2874 180 2918; x_wconf 81' lang='lat' dir='ltr'>lis</span> <span class='ocrx_word' id='word_1_328' title='bbox 218 2877 394 2919; x_wconf 89' lang='lat' dir='ltr'>criticae</span> <span class='ocrx_word' id='word_1_329' title='bbox 430 2876 597 2919; x_wconf 88' lang='lat' dir='ltr'>redacti</span> <span class='ocrx_word' id='word_1_330' title='bbox 633 2889 803 2929; x_wconf 89' lang='lat' dir='ltr'>sumus,</span> <span class='ocrx_word' id='word_1_331' title='bbox 841 2879 888 2916; x_wconf 92' lang='lat' dir='ltr'>ut</span> <span class='ocrx_word' id='word_1_332' title='bbox 925 2873 1063 2918; x_wconf 88' lang='lat' dir='ltr'>omnis</span> <span class='ocrx_word' id='word_1_333' title='bbox 1101 2886 1230 2919; x_wconf 83' lang='lat' dir='ltr'>causa</span> <span class='ocrx_word' id='word_1_334' title='bbox 1266 2871 1391 2933; x_wconf 86' lang='lat' dir='ltr'>quasi</span> <span class='ocrx_word' id='word_1_335' title='bbox 1418 2884 1503 2913; x_wconf 91' lang='lat' dir='ltr'>uno</span> <span class='ocrx_word' id='word_1_336' title='bbox 1533 2875 1643 2913; x_wconf 85' lang='lat' dir='ltr'>teste</span> 
     </span>
    </p>
   </div>
  </div>
 </body>
</html>
