1956 3308
581 251 789 282 PUBLILII
820 253 924 285 SYRI
955 254 1246 287 SENTEN'HAE
1253 278 1261 287 .
1631 250 1685 292 75

270 352 517 397 Dimissum
547 353 663 411 quod
692 355 900 409 nescitur,
931 371 1020 399 non
1048 358 1277 401 amittitur.

260 419 570 463 Deliberando
601 421 786 465 discitur
815 425 1044 481 sapientia.

162 491 243 532 140
271 487 570 532 Deliberando
600 504 730 548 saepe
758 491 873 548 perit
902 494 1086 535 occasio.

271 555 470 615 (Duplex
498 556 548 600 fit
577 557 764 612 bonitas,
796 559 926 602 simul
955 561 1141 612 accessit
1171 561 1407 619 celeritas.)

270 624 475 668 Damnati
508 625 661 682 lingua
688 641 842 669 vocem
871 627 1017 683 habet,
1051 629 1143 670 vim
1171 645 1256 672 non
1286 629 1431 674 habet.

269 692 408 736 Dolor
436 694 571 736 animi
604 693 774 750 [multo]
805 697 984 752 gravior
1013 703 1079 740 est
1108 712 1237 754 quam
1267 695 1478 757 corporis?

270 759 411 803 Dulce
442 762 572 804 etiam
602 762 758 818 fugias,
791 763 886 806 fieri
915 764 1032 821 quod
1061 779 1255 807 amarum
1285 773 1443 824 potest.

161 833 239 871 145
269 828 465 871 Difficile
496 837 561 872 est
591 829 732 873 dolori
761 834 995 875 convenire
1014 839 1122 874 ‘cum
1152 834 1374 890 patientia.

269 897 409 952 (Deos
439 896 584 940 ridere
614 898 758 953 credo,
789 913 887 941 cum
917 899 1025 942 felix
1055 901 1217 958 vocat.)

269 964 418 1008 Etiam
447 966 690 1008 innocentis
721 968 841 1023 cogit
870 968 1045 1010 mentiri
1076 968 1211 1011 dolor.

270 1032 416 1075 Etiam
448 1034 648 1091 peccanti
677 1041 795 1076 recte
824 1042 1071 1093 praestatur
1099 1036 1222 1078 fides.

271 1100 418 1143 Etiam
448 1101 647 1144 celeritas
678 1103 724 1144 in
754 1102 972 1146 desiderio
1002 1119 1122 1146 mora
1152 1111 1231 1147 est.

161 1173 241 1212 150
270 1169 344 1211 Ex
373 1169 482 1212 vitio
513 1169 622 1212 alius
655 1171 829 1227 sapiens
859 1170 1062 1213 emendat
1093 1186 1230 1214 suum.

270 1236 329 1279 Et
358 1236 482 1279 deest
512 1231 555 1280 et
585 1244 761 1295 superat
788 1239 961 1281 miseris
991 1240 1211 1295 cogitatio.

269 1304 416 1346 Etiam
446 1303 651 1347 oblivisci
682 1306 788 1363 quid
817 1307 894 1359 sis,
924 1306 1144 1349 interdum
1175 1307 1366 1364 expedit.

258 1371 343 1422 ,Ex
371 1371 594 1415 hominum
624 1380 778 1430 questu
807 1373 924 1416 facta
954 1374 1148 1417 Fortuna
1178 1379 1244 1417 est
1273 1374 1366 1417 dea.

157 1511 336 1540 comens
359 1514 390 1537 v.
415 1502 655 1540 123—138:
678 1504 828 1540 PRBF
843 1501 986 1557 (TEC),
1009 1517 1039 1539 v.
1061 1504 1302 1542 139—146:
1323 1505 1370 1551 F,
1393 1517 1424 1540 v.
1443 1505 1679 1543 147—162:

429 1559 579 1596 PRBF
596 1557 725 1606 (TEG)

157 1640 361 1686 exemplar
390 1639 567 1684 Gruteri,
596 1640 662 1674 cui
685 1640 839 1676 lectioni
860 1641 953 1686 plus
979 1642 1192 1687 eleqantiae
1220 1643 1345 1677 inesse
1372 1642 1565 1677 existimat

156 1699 242 1731 utor
260 1699 382 1743 aptum
403 1694 460 1731 Pb
602 1695 738 1731 invenit
758 1696 796 1731 B
814 1707 862 1731 m.
884 1705 961 1732 sec.
1110 1695 1188 1733 138
1220 1695 1279 1743 Cf.
1304 1707 1368 1744 pq.
1398 1695 1464 1733 52.
1525 1695 1678 1733 Seneca

156 1753 266 1798 epist.
287 1750 336 1798 4,
360 1751 384 1788 6
414 1749 564 1787 ‘nullius
585 1751 637 1787 rei
666 1750 806 1788 facilior
825 1751 968 1788 amissio
991 1756 1066 1798 cst,
1101 1763 1206 1799 quam
1227 1762 1317 1800 quae
1338 1751 1532 1789 desiderari
1553 1753 1679 1789 amissa

156 1818 229 1844 non
251 1807 404 1856 potest?
529 1807 708 1844 Amissum
731 1807 772 1843 Τ.
795 1808 946 1849 Faber.-
975 1807 1159 1844 dimissum
1180 1808 1210 1844 L
1333 1808 1412 1846 139
1442 1808 1593 1845 discitur
1611 1808 1677 1846 In-

153 1865 288 1912 qolst..·
316 1863 448 1900 dicitur
468 1863 505 1898 F
619 1862 696 1900 141
730 1864 790 1912 Cf.
818 1877 850 1901 υ.
874 1860 955 1902 235
985 1869 1022 1901 et
1049 1866 1280 1902 notissimum
1307 1867 1403 1902 illud
1428 1864 1501 1901 ‘Bis
1530 1864 1590 1901 dat
1619 1866 1680 1913 qui

154 1921 227 1957 cito
248 1918 338 1957 dat?
456 1919 479 1941 ³*
499 1920 606 1956 simul
629 1933 637 1955 :
658 1920 764 1956 simul
785 1926 824 1957 ut
846 1922 883 1957 F
995 1919 1074 1957 142
1106 1920 1263 1957 Damnati
1285 1921 1445 1958 Gruter.-
1466 1921 1609 1958 damnat
1630 1922 1677 1967 F,

114 1995 117 1999 ⁴
157 1976 300 2014 damnat
320 1987 412 2025 quae
434 1976 592 2025 Inyolst.
624 2002 631 2007 .
692 1976 771 2014 143
803 1977 862 2024 Cf.
885 1989 918 2014 v.
943 1976 1041 2017 102:
1064 1977 1244 2014 Menand.
1266 1977 1429 2015 Monost.
1454 1977 1504 2014 75
1524 1972 1680 2026 βέλτιόν

155 2028 235 2070 ἔστι
257 2031 372 2080 σῶμα
393 2024 432 2081 γ’
455 2026 482 2078 ἢ
502 2025 640 2080 ψυχὴν
659 2033 804 2069 νοσεῖν.
918 2030 942 2054 *
965 2029 1119 2083 [multo]
1143 2035 1228 2070 coll.
1251 2046 1283 2070 v.
1301 2034 1373 2071 53:
1404 2034 1512 2070 nimio
1534 2034 1676 2074 Bothe:

155 2090 321 2138 corporis
343 2085 486 2139 [dolor]
510 2089 655 2126 Gruter
680 2091 783 2126 mala
805 2099 971 2126 caesura
1110 2089 1187 2125 144
1218 2086 1241 2111 *
1261 2090 1431 2138 patientia
1452 2091 1538 2127 coll.
1562 2090 1674 2127 Caec.

155 2146 281 2183 Balbo
304 2145 398 2182 Par.
420 2145 496 2190 82,
522 2156 589 2194 pq.
610 2145 687 2192 42,
711 2145 761 2182 13
791 2143 846 2182 ‘n.
870 2151 925 2182 est
952 2146 1102 2186 iniuriae
1122 2157 1152 2185 c.
1176 2157 1256 2182 cum
1277 2146 1463 2194 patientia’
1493 2151 1530 2182 ee
1559 2146 1672 2183 Wau.

154 2202 267 2239 Burl.
290 2202 398 2239 Socr.
430 2199 485 2238 Ἱ).
508 2206 564 2238 est
590 2202 755 2239 iniuriam
776 2213 807 2238 c.
829 2213 909 2238 cum
938 2202 1141 2250 patientia’:
1173 2203 1348 2250 sapientia
1368 2203 1413 2238 F.
1476 2201 1535 2249 Cf.
1556 2202 1676 2239 Pseu-

155 2260 355 2296 dosen.·de
374 2270 468 2295 mor.
491 2257 515 2296 6
545 2257 666 2294 ‘dolor
692 2259 864 2306 patientia
887 2256 1069 2294 vincitur'.
1214 2257 1293 2296 146
1326 2258 1385 2306 Cf.
1409 2271 1441 2295 v.
1464 2258 1543 2294 241

152 2314 271 2352 ridere
291 2314 483 2352 Palatini.-
514 2313 665 2351 reddere
686 2314 734 2360 F,
756 2314 863 2351 rideri
888 2315 1028 2355 Bothe»,-
1057 2327 1107 2351 αη
1125 2315 1204 2362 fuit
1226 2315 1390 2351 irritare?
1455 2319 1557 2351 vocat
1579 2314 1677 2351 Gru-

154 2376 236 2408 ter.-
266 2375 371 2408 vocet
390 2371 440 2417 F,
468 2370 566 2407 fovet
587 2360 761 2407 Palu'tini
897 2370 973 2407 147
1005 2371 1207 2408 innocentis
1227 2370 1357 2407 PRB:
1383 2372 1594 2407 innocentes
1615 2370 1681 2407 FC

165 2427 272 2465 Vinc-
301 2427 401 2463 Bell.
429 2437 489 2474 sp.
514 2428 554 2463 d.
576 2426 623 2473 4,
648 2427 726 2463 112
842 2432 951 2475 coget
971 2427 1040 2464 PR
1159 2427 1236 2464 148
1267 2427 1372 2463 etiam
1403 2428 1610 2464 Erasmus.-
1640 2433 1676 2464 et

152 2489 272 2521 tamen
293 2484 323 2520 L
437 2479 460 2504 ‘¹‘
482 2483 644 2531 peccanti
664 2485 748 2519 coll.
771 2495 803 2520 v.
826 2482 891 2520 52.
915 2482 966 2520 57
972 2511 980 2519 .
1007 2483 1104 2520 161:
1136 2488 1282 2532 peccato
1303 2476 1397 2530 ΕΒΓ,
1427 2483 1508 2520 huic
1528 2489 1674 2531 peccato

153 2541 201 2586 F,
221 2540 403 2589 peccatori
424 2539 650 2584 Ber-nensis,
672 2539 710 2575 B
728 2549 807 2576 sec.
827 2551 875 2575 m.
897 2540 934 2575 in
955 2544 1102 2588 peccato
1123 2539 1318 2585 Pithoeus,
1336 2539 1508 2586 fortasse
1529 2541 1676 2576 rectius

191 2587 214 2621 f
269 2595 348 2633 149
381 2594 441 2643 Cf.
472 2595 583 2632 Caec.
614 2594 724 2632 Balb.
754 2595 857 2632 Mon.
891 2596 934 2642 1,
960 2594 1033 2640 15,
1055 2607 1120 2643 pq.
1146 2595 1195 2631 19
1232 2594 1440 2644 ‘Cupiditati
1468 2596 1543 2643 ipsa
1570 2595 1675 2632 etiam

153 2652 253 2690 tarda
282 2657 339 2689 est
362 2649 554 2688 celeritas'.
689 2661 812 2687 norma
845 2652 950 2688 Vino.
974 2651 1072 2688 Bell.
1095 2662 1151 2699 sp.
1172 2653 1207 2688 cI.
1230 2651 1269 2697 4,
1291 2650 1344 2688 94
1481 2651 1559 2687 150
1588 2651 1674 2688 vitio

153 2708 241 2745 alius
268 2709 504 2746 Bit-schelius
532 2718 665 2754 opusc.
692 2706 737 2749 2,
761 2707 861 2745 675.-
894 2720 923 2743 ν.
953 2707 1101 2744 alterius
1123 2707 1240 2754 LEC,
1269 2707 1415 2743 alterius
1443 2707 1527 2743 vitio
1568 2707 1672 2744 Vinc.

154 2763 256 2804 Bau.
285 2775 343 2812 sp.
365 2766 401 2802 d.
423 2764 471 2811 4,
493 2764 559 2801 27.
590 2763 636 2810 5,
658 2763 710 2801 37
829 2764 905 2799 151
937 2769 1103 2811 superest
1131 2765 1212 2801 cod.
1246 2764 1390 2811 Gryph.
1420 2768 1455 2799 ee
1476 2762 1674 2800 Benacens-

267 2821 346 2858 152
378 2822 440 2869 qui
462 2820 509 2867 C,
535 2820 655 2856 Bentl.
679 2829 732 2856 eoe
752 2821 833 2855 cod.
858 2820 1022 2865 Gaiano,
1051 2819 1148 2867 quod
1176 2820 1226 2855 sis
1246 2819 1486 2856 Panthaleon
1508 2829 1560 2856 ex
1581 2831 1671 2857 con-

153 2879 318 2923 iectura,
340 2876 424 2926 quid
445 2877 491 2913 sit
511 2877 590 2914 cod.
614 2876 751 2912 Panth.
864 2875 941 2911 153
973 2874 1016 2911 Et
1038 2875 1220 2912 hominum
1242 2875 1277 2911 P
1360 2881 1490 2923 questu
1513 2875 1674 2913 PbBFC

78 2939 94 2948 ·
153 2936 195 2969 ut
210 2935 413 2980 proposuit
434 2934 642 2970 Erasmus.-
674 2938 825 2980 quaestu
846 2931 942 2969 Pale
1057 2935 1113 2967 cst
1137 2931 1222 2968 sort.
1245 2931 1309 2967 dea
1330 2930 1397 2968 FC
