1956 3308
367 213 423 259 34
933 226 1287 259 PROLEGOMENA.

367 397 494 451 ΙΙΙΙ.
570 397 710 464 Quae
757 394 1034 451 sententiae
1084 395 1308 450 Publilio
1361 395 1462 450 sint
1511 376 1859 462 vindicandae,

709 502 839 555 quae
885 485 1203 538 damnandae
1250 483 1526 554 quaeritur.

478 614 731 657 Praemissis
770 627 878 670 quae
908 613 962 655 de
991 612 1177 655 Publilio
1209 614 1384 670 eiusque
1413 614 1721 656 sententiarum
1749 614 1862 657 codi-

368 683 490 724 cibus
521 688 563 723 et
593 680 852 723 editionibus
882 694 1054 723 monere
1083 681 1232 736 utique
1261 693 1434 722 necesse
1464 686 1576 735 erat,
1612 680 1862 723 accedamus

368 750 452 790 iam
491 748 548 790 ad
583 747 873 804 quaestionem
909 746 1228 802 gravissimam,
1267 760 1375 802 quae
1404 760 1479 802 per
1506 752 1570 788 tot
1599 744 1864 789 saeculorum
1933 745 1936 770 ²

368 816 594 857 decursum
628 812 941 870 philologorum
981 813 1157 868 ingenia
1184 827 1269 855 non
1299 813 1490 854 exercuit
1519 812 1677 867 solum,
1714 813 1791 855 sed
1819 813 1864 854 in
1885 805 1896 810 ⁹

366 889 454 924 tam
471 881 679 933 *diversas
709 879 899 935 abripuit
936 881 1191 934 sententias,
1228 885 1276 922 ut
1306 879 1431 921 hodie
1460 894 1537 921 nos
1568 894 1594 920 a
1622 879 1865 935 cognitione
1888 904 1901 915 ·
1929 902 1938 920 2

367 948 460 990 veri
497 946 665 1003 longius
703 945 853 988 abesse
891 945 1113 988 fatendum
1151 946 1206 988 sit
1244 960 1371 1002 quam
1403 959 1513 988 anno
1547 936 1655 988 1514
1682 945 1862 997 Deside·
1933 993 1938 998 ff

367 1015 456 1056 rius
488 1013 691 1055 Erasmus
729 1012 882 1054 fuerat.
941 1011 989 1054 Si
1019 1012 1114 1068 quis
1152 1019 1294 1054 autem
1323 1013 1466 1054 missis
1496 1012 1755 1054 editionibus
1786 1010 1866 1066 soli

367 1082 576 1123 innitetur
615 1079 811 1122 codicum
847 1079 1090 1120 auctoritati
1118 1092 1258 1135 neque
1287 1093 1333 1120 se
1362 1078 1575 1120 erroribus
1604 1079 1660 1120 ab
1689 1078 1865 1120 homini·
1934 1071 1939 1118 Ϊ

368 1148 448 1190 bus
479 1147 616 1189 doctis
646 1146 831 1188 invectis
863 1145 1076 1202 corrumpi
1106 1146 1315 1201 patietur,
1346 1143 1462 1186 haud
1491 1146 1552 1187 ita
1581 1144 1758 1187 difficile
1787 1145 1866 1186 erit
1926 1178 1928 1180 v

368 1214 660 1271 quaestionem
688 1211 816 1268 paulo
846 1211 1162 1267 impeditiorem
1191 1212 1237 1253 in
1266 1225 1363 1253 suas
1393 1217 1535 1268 partes
1565 1210 1803 1258 dissolvere
1816 1224 1867 1252 ac
1923 1211 1934 1265 J

367 1277 538 1333 singula
565 1284 781 1319 momenta
810 1277 945 1318 libero
976 1275 1135 1318 iudicio
1165 1276 1414 1333 ponderare.
1927 1273 1930 1275 ’

481 1346 524 1398 1)
556 1343 790 1386 Videamus
820 1343 1005 1398 primum
1035 1341 1096 1383 de
1126 1344 1415 1386 sententiis
1444 1344 1489 1385 in
1514 1337 1702 1386 editione
1721 1349 1867 1386 nostra
1926 1359 1927 1362 ¹

368 1410 652 1452 inclinatis
691 1408 898 1451 litteris
936 1410 1233 1464 expressis,
1278 1424 1457 1466 quarum
1494 1411 1631 1467 prima
1669 1416 1734 1452 est
1771 1416 1867 1467 post
1926 1423 1932 1458 ’ὴ

369 1493 412 1519 v.
442 1477 525 1520 386

597 1557 782 1603 Nondum
809 1555 900 1603 felix
929 1567 985 1600 es,
1014 1557 1048 1594 si
1076 1557 1248 1596 nondam
1276 1561 1310 1596 te
1338 1558 1453 1597 turba
1481 1559 1632 1597 deridet.

371 1655 455 1696 Eas
496 1668 753 1711 quamquam
793 1666 848 1693 ne
891 1652 1032 1694 obiter
1075 1652 1247 1709 quidem
1291 1653 1450 1709 legenti
1490 1653 1616 1709 longe
1650 1668 1676 1695 a
1713 1654 1865 1696 ceteris
1930 1670 1933 1675 ·

369 1723 530 1764 distare
566 1721 795 1763 obscurum
832 1732 925 1760 esse
962 1724 1124 1774 potest,
1171 1719 1383 1762 editorum
1418 1726 1560 1762 tamen
1597 1720 1868 1776 neglegentia
1932 1734 1933 1737 ¹

368 1790 530 1831 factum
560 1794 644 1841 est,
682 1793 730 1828 ut
766 1784 880 1827 haud
909 1799 1070 1841 paucae
1100 1786 1332 1828 etiamnum
1363 1801 1439 1843 pro
1475 1786 1730 1829 Publilianis
1766 1801 1866 1828 ven·

368 1855 570 1897 ditentur.
628 1853 841 1895 Nimirum
868 1864 955 1892 non
983 1866 1130 1894 omnes
1159 1851 1254 1894 illas
1284 1853 1340 1894 ad
1368 1852 1497 1894 fidem
1525 1852 1720 1895 codicum
1740 1852 1866 1894 eden·
1925 1847 1931 1891 j

369 1923 447 1964 das
478 1925 758 1974 curaverunt,
789 1917 866 1960 sed
895 1916 1074 1960 selectas
1103 1925 1290 1973 tantum,
1322 1933 1430 1976 quae
1459 1919 1612 1962 iambis
1642 1919 1769 1962 facile
1797 1919 1867 1961 vel
1918 1932 1929 1976 s

367 1988 578 2031 trochaeis
607 1984 918 2028 accommodari
937 1991 1125 2040 possent,
1147 1985 1406 2039 emendatae,
1430 1991 1478 2027 ut
1496 1986 1602 2043 ipsis
1624 1985 1865 2039 videbatur,
1917 1982 1919 1984 “

369 2054 560 2112 probatis
598 2053 795 2095 versibus
829 2055 1112 2096 inseruerunt.
1171 2053 1280 2094 Cum
1308 2058 1451 2094 autem
1480 2052 1727 2109 plerumque
1754 2059 1865 2095 tace-
1912 2047 1921 2067 ”“

368 2128 478 2175 rent,
509 2121 614 2177 quid
643 2121 889 2163 omisissent
915 2118 1240 2164 addidissentve
1260 2125 1547 2175 quantumque
1566 2118 1711 2161 verbis
1731 2124 1867 2161 trans-
1916 2116 1919 2117 ’

370 2189 523 2246 positis
555 2186 625 2228 vel
654 2188 855 2229 correctis
875 2203 901 2229 a
921 2188 1128 2230 librorum
1155 2186 1408 2228 auctoritate
1436 2186 1656 2239 abiissent,
1686 2185 1868 2240 contigit

370 2269 497 2307 sane,
538 2259 587 2295 ut
623 2267 668 2294 se
704 2254 890 2295 invicem
931 2254 1039 2296 alter
1078 2252 1258 2295 alterum
1299 2251 1563 2308 aliquamdiu
1605 2250 1866 2308 deciperent,

369 2318 495 2364 simul
525 2334 669 2362 omnes
699 2319 933 2375 legentium
962 2319 1095 2363 oculis
1122 2318 1352 2376 plurimum
1371 2317 1567 2374 caliginis
1586 2317 1866 2360 offunderent.
1899 2359 1904 2366 k

371 2387 457 2445 Sed
495 2387 702 2428 maximas
739 2387 889 2429 turbas
919 2386 1026 2429 illud
1057 2386 1284 2439 excitavit,
1323 2384 1437 2442 quod
1467 2385 1772 2427 sententiarum
1801 2399 1866 2427 or·
1919 2438 1923 2439 ⁷

371 2454 486 2508 dine,
517 2467 640 2510 quem
671 2454 840 2496 codices
870 2454 1175 2510 sequuntur*),
1207 2451 1332 2508 plane
1360 2453 1531 2494 inverso
1559 2458 1750 2494 nostrum
1778 2465 1864 2493 mo·

372 2536 462 2563 rem
499 2520 635 2563 secuti
672 2521 1004 2574 coniunxerunt,
1050 2533 1157 2576 quac
1192 2533 1218 2559 a
1254 2517 1410 2560 litteris
1448 2519 1534 2572 Na,
1572 2518 1659 2572 Ne,
1697 2517 1754 2571 Ni
1784 2523 1863 2559 etc.

372 2588 597 2644 incipiunt,
628 2601 766 2643 neque
795 2586 840 2629 id
870 2587 915 2628 in
944 2588 998 2629 iis
1027 2584 1193 2628 tantuin
1223 2585 1307 2627 sibi
1337 2590 1607 2641 sumpserunt
1626 2584 1863 2636 sententiis,
1914 2607 1916 2610 -

373 2654 427 2696 de
466 2654 621 2711 quibus
659 2667 774 2695 nunc
807 2654 952 2708 agitur
986 2667 1175 2709 qua-sque
1210 2666 1310 2694 mox
1339 2651 1582 2693 videbimus
1611 2649 1865 2692 subditicias
1916 2663 1918 2665 ’

462 2811 498 2854 *)
524 2812 676 2844 Constat
700 2822 744 2844 ex
761 2812 871 2844 Festo
895 2811 1050 2853 aliisque
1074 2813 1219 2844 veteres
1242 2810 1278 2842 in
1303 2808 1490 2843 vocabulis
1515 2808 1560 2841 ad
1583 2807 1783 2841 litterarum
1810 2818 1864 2840 or·
1910 2804 1912 2806 ’

374 2867 492 2899 dinem
517 2867 725 2909 digerendis
749 2868 884 2910 primae
910 2870 1046 2899 tantum
1073 2866 1217 2902 litterae
1241 2866 1413 2897 rationem
1439 2863 1620 2897 habuisse.
1830 2858 1836 2874 ⁸
1917 2856 1919 2858 ¹
