1956 3308
374 226 428 267 48
943 237 1298 269 raom-:Gonnum

375 336 472 377 aliis
506 337 672 388 quando
715 336 834 378 rebus
870 338 1013 378 attenti
1041 339 1137 377 sant
1165 337 1299 377 animi
1329 336 1438 390 (enm
1469 337 1635 378 animus
1664 337 1773 379 alias
1799 350 1865 379 res

374 402 491 455 ayit),
522 402 768 456 genetivum
799 416 839 445 ν.
865 402 942 442 112
964 402 1143 454 possidet
1165 402 1412 455 populorum
1442 403 1548 444 bona
1567 402 1766 458 (populi),
1784 417 1862 444 ,ae-

375 467 612 508 cusativum
649 482 690 508 v,
724 467 799 509 157
836 480 1046 520 snyyerere
1083 467 1160 508 tela
1191 466 1372 522 (telam),
1413 481 1454 511 v,
1484 467 1566 509 515
1597 481 1865 522 quoscumque

377 534 720 587 (quemmmzque),
753 531 988 573 ablativum
1018 547 1059 573 v.
1086 533 1163 574 116
1192 536 1302 574 earet
1322 533 1521 586 perieulis
1551 534 1769 590 (periclo):
1800 535 1862 576 iu-

375 598 583 640 bebantur
610 598 825 639 adiectiva
845 600 1134 654 comparativo
1155 599 1224 639 vel
1245 597 1506 654 superlativo
1527 599 1690 653 efferre,
1720 614 1762 642 v.
1781 601 1861 642 397

374 665 535 706 laudem
556 668 788 717 praeparat
815 665 1054 717 ampliorem
1085 665 1196 719 (lans
1225 665 1483 717 amplissima
1512 666 1601 721 est),
1632 680 1674 707 V.
1694 665 1777 708 423
1802 667 1864 708 nil

373 731 535 783 Imp-ins
564 722 677 772 dieas
707 730 873 786 (turpe),
905 745 945 783 ν..
980 731 1056 772 127
1079 732 1201 783 peius
1227 744 1279 772 ne
1307 731 1493 783 loquaris
1521 731 1678 786 (male),
1708 746 1751 773 v,
1780 732 1864 774 482

370 797 693 848 frequentissime
713 797 927 851 (assidue),
950 810 990 837 v.
1011 796 1094 838 542
1109 797 1206 849 plus
1221 821 1271 828 —-
1289 798 1427 838 minus
1448 797 1669 852 (omnes—
1682 799 1862 853 nallas)3

373 876 414 903 v.
434 862 515 904 227
537 869 579 904 et
598 862 679 903 243
699 877 827 918 supra
856 863 1014 918 scripta
1042 862 1178 903 fuisse
1205 861 1381 921 videtur*
1405 864 1685 919 comparativi
1713 864 1862 924 forma,

369 929 550 982 ,arai-ior,
571 929 768 970 miserior.
799 928 1024 970 Praeterea
1045 927 1307 970 docebantur
1326 943 1564 986 synonyma
1588 930 1862 985 substituere,

374 1008 414 1034 v.
445 994 527 1035 214
554 996 669 1036 virus
705 993 938 1048 (venenum)
950 1026 962 1047 ,
999 994 1080 1036 233
1117 995 1361 1037 honestatem
1393 994 1744 1052 (inqenaitatem)‚
1781 997 1864 1039 284

372 1060 537 1101 libertas
567 1058 786 1113 (ingenuus
805 1061 1006 1114 animus),
1036 1060 1120 1102 310
1138 1061 1423 1103 contumeliam
1450 1062 1715 1117 (ininriam);
1747 1077 1788 1104 V.
1809 1063 1859 1104 91

371 1127 585 1167 revertitur
614 1126 770 1180 (redit),
805 1126 882 1167 109
908 1126 1017 1178 ferre
1046 1127 1191 1182 (pati),
1227 1127 1305 1169 116
1329 1131 1474 1170 cantus
1502 1131 1559 1170 est
1589 1128 1749 1185 (cavet),
1783 1129 1862 1170 196

371 1192 595 1233 delitiscens
625 1192 715 1246 (qui
745 1192 856 1246 latet)
888 1198 968 1233 ete.
1026 1191 1149 1233 Talia
1178 1192 1339 1235 clarum
1369 1199 1434 1236 est
1459 1194 1635 1238 Publilii
1665 1195 1862 1237 versibus

369 1272 394 1298 a
414 1257 505 1298 ludi
533 1258 736 1312 magistro
766 1259 810 1298 in
830 1273 952 1299 usum
973 1273 1096 1300 suum
1117 1273 1246 1315 supra
1266 1260 1440 1316 scripta,
1471 1259 1554 1314 vel,
1585 1261 1699 1317 quod
1719 1275 1860 1302 exem-

371 1323 440 1379 pla
470 1323 622 1365 docent
642 1324 754 1364 infra
773 1324 1004 1381 adscripta,
1035 1326 1080 1366 in
1101 1325 1254 1367 dextro
1274 1327 1467 1381 margine
1486 1326 1687 1369 adnotata
1707 1326 1861 1390 fuis-se3

371 1396 518 1446 postea
547 1391 759 1446 imperitia
787 1389 1071 1444 librariorum,
1103 1391 1223 1447 quasi
1251 1393 1554 1447 grammaticus
1577 1393 1860 1436 adnotationi-

371 1457 447 1498 bus
479 1457 565 1507 sujs
587 1455 818 1497 Publilium
848 1458 1060 1512 corrigere
1081 1456 1302 1512 voluisset,
1332 1459 1427 1516 ipsa
1448 1465 1599 1516 poetae
1618 1459 1751 1502 verba
1770 1459 1861 1502 loeo

369 1523 594 1564 deturbata
624 1529 734 1563 sunt.
793 1523 903 1564 Nam
932 1524 977 1564 in
1008 1538 1056 1566 eo
1083 1523 1207 1578 libro,
1239 1539 1294 1566 ex
1323 1539 1405 1581 quo
1426 1525 1674 1568 Turicensis
1702 1527 1859 1569 descri-

373 1597 468 1644 ptus
499 1596 576 1643 est,
607 1595 831 1646 utrumque
861 1590 1065 1645 seriptum
1085 1590 1233 1645 fuisse,
1265 1598 1307 1633 et
1327 1591 1615 1634 Publilianum
1634 1599 1676 1635 et
1698 1592 1860 1636 schola-

369 1656 518 1697 sticam
549 1657 956 1711 interpretationem,
987 1656 1186 1699 librarius
1208 1672 1291 1714 qua
1320 1657 1401 1700 fuit
1430 1658 1474 1701 in
1498 1658 1778 1703 describendo
1797 1660 1859 1701 in-

370 1723 583 1777 sipientia,
615 1723 718 1764 satis
750 1723 954 1779 prodidit.
1014 1723 1080 1767 Cf.
1111 1738 1153 1768 V.
1219 1755 1229 1758 -

437 1808 479 1838 86
511 1803 733 1842 Crudelis
762 1808 813 1843 est
840 1807 885 1843 in
912 1817 953 1843 re
981 1806 1141 1844 adversa
1168 1807 1406 1855 sabiuryatio
1433 1807 1569 1846 seeba
1595 1807 1653 1845 vel
1679 1819 1831 1846 saeva.

413 1875 477 1906 309
507 1871 703 1919 Maliynos
729 1873 814 1918 fieri
842 1873 970 1910 maoei
978 1884 1045 1910 me
1073 1875 1244 1921 inyratos
1271 1874 1398 1912 doecre
1424 1885 1572 1922 saepe.

413 1942 476 1972 452
507 1937 683 1975 Pericula
711 1937 908 1976 timidas
936 1940 1050 1980 etiam
1079 1952 1175 1986 qnae
1203 1951 1283 1978 non
1310 1943 1400 1978 sunt
1427 1941 1525 1978 videt
1546 1951 1829 1990 praesaqus.

417 2008 478 2038 174
507 2003 668 2041 Fatetur
694 2003 849 2050 facinus
870 2009 1105 2054 prompte,
1135 2007 1201 2053 q'ui
1227 2006 1414 2044 ind-icium
1440 2006 1540 2055 fuyit
1567 2007 1832 2054 manifeste.
1863 2007 1869 2016 “

368 2086 571 2128 Eiusdem
600 2089 766 2142 generis
797 2096 895 2131 sunt
925 2104 966 2130 v.
993 2090 1070 2132 125
1095 2091 1191 2133 bello
1223 2097 1264 2132 et
1284 2091 1503 2146 proelium,
1533 2091 1613 2134 661
1634 2093 1860 2135 dinoscitur

367 2160 408 2194 et
437 2155 615 2206 ridetur,
654 2155 736 2196 664
765 2169 855 2197 enm
885 2156 985 2198 coles
1015 2163 1056 2198 et
1086 2158 1316 2211 laudando,
1346 2157 1428 2200 672
1458 2161 1623 2200 accusat
1651 2165 1693 2200 et
1721 2160 1858 2201 erimi-

366 2222 477 2271 nari,
508 2220 590 2261 675
618 2221 751 2262 reddit
780 2228 821 2262 et
846 2223 1049 2277 persolvit,
1079 2223 1162 2264 692
1189 2223 1296 2266 valet
1325 2229 1367 2266 et
1393 2227 1560 2278 reyna&
1589 2224 1671 2266 663
1683 2238 1859 2278 prorsus

365 2285 420 2326 ad
451 2285 748 2342 explicandam
778 2302 926 2330 vocem
954 2290 1093 2342 ntique
1121 2288 1383 2346 adscriptum
1411 2289 1607 2333 adhaesit
1637 2291 1676 2332 ei
1697 2292 1856 2346 versui,

366 2353 438 2407 qui
468 2353 511 2393 in
541 2352 765 2395 Turicensi
794 2355 987 2411 proxime
1017 2356 1221 2412 sequitur,
1252 2370 1294 2397 v·
1325 2356 1421 2398 322.
1469 2355 1523 2398 V.
1552 2356 1630 2398 401

448 2433 569 2472 Nulla
597 2437 650 2472 est
678 2437 802 2473 maior
829 2437 973 2475 homini
995 2449 1123 2485 poena
1151 2450 1268 2485 quam
1295 2438 1558 2477 necessitas
1585 2439 1763 2487 inopia.

366 2506 509 2561 (Publ.
541 2522 666 2561 quam
693 2510 955 2565 infelicitas),
993 2510 1196 2553 librarius
1224 2511 1402 2554 nescius*
1422 2511 1526 2568 quid
1555 2511 1640 2554 duo
1670 2513 1858 2554 nomina·
1896 2525 1919 2564 ᾗ
1946 2501 1956 2562 ἷζ

365 2573 445 2614 tivi
476 2573 558 2615 sibi
589 2573 767 2627 vellent,
798 2590 927 2632 supra
956 2577 1115 2633 scripto
1145 2579 1177 2620 ti
1205 2578 1393 2620 correxit
1424 2579 1691 2630 necessitatis,
1720 2592 1857 2635 neque

363 2638 488 2681 aliter
516 2655 558 2682 v.
589 2641 669 2683 657

421 2709 628 2750 Consilium
656 2713 700 2750 in
728 2712 896 2751 adversis
922 2714 1189 2754 medicinae
1216 2715 1476 2754 remedium
1496 2715 1700 2763 prudentis
1726 2718 1791 2760 est,

367 2783 619 2827 vocabulum
648 2787 851 2829 medicina
873 2788 1240 2845 interpretamenti
1266 2788 1358 2832 loeo
1387 2788 1443 2830 ad
1464 2803 1611 2830 vocem
1630 2790 1855 2832 remedium
1905 2811 1914 2819 ·

364 2848 640 2906 adscriptum,
673 2854 866 2908 sequenti
898 2854 1169 2898 substantivo
1198 2855 1444 2911 adaptatum
1475 2851 1563 2897 est?
1617 2883 1624 2889 -
