1956 3308
539 222 681 272 mrim
710 240 1021 274 PUBLILIANAS
1051 241 1306 275 RECEPTAE.
1602 234 1681 277 129

271 342 402 386 Nulla
430 348 520 386 tam
552 343 663 385 bona
692 357 826 398 uxor,
866 342 921 386 de
950 359 1035 401 qua
1064 358 1150 386 non
1179 345 1377 387 invenias
1409 346 1514 403 quid
1544 348 1681 403 queri.

270 410 391 454 Nulli
421 411 630 468 imponas,
663 410 777 467 quod
809 411 903 467 ipse
932 426 1019 454 non
1047 413 1188 469 possis
1220 414 1325 470 pati.

270 477 449 521 Nullum
487 492 543 520 ex
573 477 771 521 omnibus
811 477 1041 522 clementia
1077 481 1215 536 magis
1254 495 1382 538 quam
1421 495 1568 538 regem
1606 488 1681 525 aut

697 544 937 603 praelatum
967 546 1104 590 decet:

159 617 240 656 255
272 612 449 657 Nullum
481 612 673 656 laborem
692 620 894 657 recusant
914 629 1066 658 manus
1086 615 1143 658 ab
1162 622 1306 658 aratro
1325 616 1382 659 ad
1402 631 1521 659 arma
1540 622 1679 659 trans-

698 681 824 725 latae.

271 749 450 793 Nullum
478 749 691 793 morosius
722 755 790 792 est
817 749 978 792 animal
1007 752 1255 809 maioreque
1284 758 1376 794 arte
1408 752 1679 795 tractandum

698 831 828 874 quam
856 817 1005 860 homo:
1037 825 1080 861 et
1109 818 1218 861 nulli
1248 820 1386 876 magis
1415 819 1678 876 parcendum

697 899 827 942 quam
855 885 1034 928 homini.

270 953 448 996 Nullum
480 953 574 996 sine
603 958 926 996 auctoramento
957 960 1023 996 est
1051 968 1256 1011 magnum
1285 954 1459 997 malum.

271 1020 428 1064 Nullus
458 1021 704 1078 sapientum
734 1021 947 1078 proditori
977 1020 1177 1064 credidit.

270 1087 515 1147 Numquam
545 1087 760 1144 liquidum
791 1089 1091 1146 sincerumque
1122 1104 1178 1132 ex
1206 1089 1383 1132 turbido
1414 1091 1548 1132 venit.

160 1160 242 1199 260
273 1157 518 1214 Numquam
548 1170 677 1214 quam
706 1156 871 1212 multis,
902 1156 979 1198 sed
1010 1157 1210 1214 qualibus
1241 1157 1427 1215 placeas,
1459 1159 1598 1200 stude.

271 1224 517 1282 Numquam
546 1225 653 1267 satis
684 1231 763 1278 est,
795 1223 911 1281 quod
940 1225 1162 1282 improbae
1191 1226 1286 1283 spei
1315 1226 1456 1268 datur.

271 1292 519 1349 Numquam
548 1306 701 1334 secura
731 1299 797 1334 est
826 1306 962 1349 prava
990 1293 1269 1335 conscientia.

270 1360 515 1417 Numquam
546 1360 722 1403 virtutis
753 1359 880 1402 molle
910 1359 1214 1402 documentum
1245 1366 1323 1403 est.

271 1427 532 1470 Occasiones
563 1442 651 1470 non
678 1426 807 1470 modo
836 1428 1000 1486 accipe,
1030 1429 1186 1485 arripe.

159 1500 239 1538 265
271 1494 359 1538 Odi
388 1496 586 1553 praecoci
615 1494 817 1552 puerulos
849 1496 1074 1553 sapientia.

272 1563 359 1605 Odi
390 1563 644 1620 sapientem,
676 1563 751 1620 qui
781 1562 867 1605 sibi
895 1563 982 1620 ipsi
1010 1577 1097 1605 non
1127 1563 1255 1620 sapit.

270 1631 432 1673 Omnes
463 1631 599 1673 vitam
630 1630 878 1672 differentes
908 1645 1024 1673 mors
1054 1631 1218 1673 incerta
1247 1631 1487 1687 praevenit.

269 1698 409 1740 Omne
439 1698 595 1741 vitium
624 1697 758 1740 habet
787 1699 1074 1754 patrocinium
1105 1713 1243 1740 suum.

271 1766 430 1808 Omnia
465 1780 561 1808 cum
593 1765 769 1808 inimico
800 1767 1042 1808 communia
1071 1765 1272 1819 habebit,
1312 1767 1384 1821 qui
1416 1765 1548 1807 multa
1579 1780 1674 1806 cum

694 1834 879 1876 homine.

161 1906 244 1944 270
274 1901 432 1944 Omnia
462 1900 635 1955 subicit,
668 1896 743 1958 qui
772 1916 819 1944 se
849 1901 1010 1944 subicit
1039 1901 1212 1944 rationi.

270 1970 401 2012 Omni
429 1969 494 2010 rei
522 1968 762 2011 moderatio
793 1975 859 2012 est
887 1968 1148 2011 adhibenda.

269 2037 422 2080 Omnis
453 2035 548 2079 dies
578 2035 699 2082 velut
727 2035 904 2079 ultimus
934 2036 1152 2094 putandus
1183 2042 1261 2079 est.

270 2244 351 2283 252
383 2245 438 2283 Gr
459 2244 496 2282 2.
518 2246 617 2283 Caec.
637 2244 732 2283 Balb.
754 2244 847 2288 Mon.
874 2245 938 2292 17,
960 2244 999 2292 2,
1020 2256 1080 2294 pg.
1103 2244 1168 2283 26.
1191 2243 1291 2280 ΡιώΙ.
1312 2243 1389 2292 Syr.
1413 2255 1443 2279 v.
1466 2242 1547 2281 384

157 2300 238 2339 253
269 2302 334 2339 Ps.
355 2301 456 2339 Caec.
478 2301 573 2340 Balb.
595 2302 690 2339 Mon.
716 2302 753 2349 1,
776 2301 840 2348 20,
863 2313 925 2351 pg.
952 2301 1001 2338 19
1137 2300 1217 2338 254
1250 2300 1314 2337 Go.
1338 2300 1420 2337 Sen.
1442 2300 1486 2336 de
1506 2299 1609 2336 clem.
1637 2301 1672 2346 1,

157 2358 194 2405 3,
216 2357 242 2396 3
358 2357 439 2396 255
472 2358 515 2404 Q.
537 2358 621 2396 Sen.
644 2359 748 2407 epist.
773 2358 841 2405 51,
866 2358 886 2394 1
1003 2357 1083 2396 256
1117 2358 1183 2395 Go.
1206 2356 1287 2393 Seu.
1310 2356 1354 2394 de
1374 2356 1474 2393 clem.
1500 2356 1536 2403 1,
1563 2357 1625 2402 17,
1651 2358 1666 2392 1

269 2413 349 2452 257
380 2414 445 2452 Ps.
468 2414 551 2452 Seu.
575 2416 680 2464 epist.
702 2414 768 2462 69,
788 2414 816 2451 4
954 2413 1034 2451 258
1068 2414 1134 2452 Gr.
1156 2425 1197 2450 ex
1220 2413 1301 2450 cod.
1323 2413 1431 2450 Palam.
1454 2414 1553 2449 (laec.
1579 2412 1671 2448 itali».

159 2471 235 2507 Par.
259 2470 299 2519 3,
321 2482 386 2520 pg.
409 2471 477 2519 38,
498 2471 570 2509 Cic.
593 2471 731 2508 Verria.
759 2471 794 2517 1,
820 2471 885 2517 15,
906 2470 959 2508 38
1038 2470 1118 2509 259
1152 2471 1218 2508 Go.
1241 2470 1323 2507 Seu.
1346 2469 1390 2506 de
1411 2469 1511 2506 clem.
1535 2469 1573 2514 2,
1592 2469 1627 2514 6,
1651 2469 1670 2505 1

269 2526 351 2565 260
380 2528 426 2565 F.
449 2527 496 2564 De
517 2539 607 2564 mor.
629 2528 653 2564 8
675 2539 750 2564 non
770 2539 884 2575 quam
905 2528 1029 2564 mullis
1144 2526 1223 2564 261
1255 2526 1319 2563 Ps.
1426 2525 1506 2563 262
1537 2525 1602 2561 Ps.
1627 2524 1672 2559 no

157 2595 245 2621 mor.
268 2584 320 2622 65
343 2583 426 2621 coll.
449 2583 530 2621 Sen.
552 2584 656 2632 epist.
684 2583 775 2631 105,
797 2584 822 2621 8
945 2582 1026 2620 263
1057 2583 1107 2620 R.
1129 2583 1211 2620 Sen.
1235 2582 1279 2618 ‹ie
1296 2581 1434 2631 provid.
1458 2581 1497 2627 4,
1524 2580 1572 2617 12

157 2639 237 2679 264
270 2642 325 2677 Gr
353 2639 390 2677 2.
420 2639 520 2678 Caec.
551 2639 645 2676 Balb.
677 2639 771 2677 Mon.
803 2639 876 2686 29,
907 2639 954 2686 2,
982 2651 1044 2688 pg.
1074 2638 1150 2686 29,
1178 2639 1285 2675 Paris.
1314 2638 1361 2684 6,
1389 2650 1449 2687 pg.
1479 2638 1531 2674 38

156 2696 238 2736 265
266 2698 338 2734 Βο.
361 2697 532 2745 Apuleius
554 2695 656 2744 Apol.
680 2695 703 2733 2
826 2695 906 2734 266
938 2696 1010 2732 Bo.
1033 2695 1192 2732 Menand.
1214 2694 1269 2731 ed.
1292 2694 1395 2731 Mein.
1418 2706 1454 2742 p.
1477 2694 1558 2731 326

156 2751 237 2791 267
267 2754 314 2791 F.
337 2753 388 2790 Cf.
419 2764 527 2802 supra
556 2764 616 2801 pg.
646 2752 714 2799 94,
746 2752 798 2790 26
943 2751 1023 2789 268
1054 2752 1099 2789 F.
1128 2751 1210 2788 Sen.
1243 2751 1347 2799 epist.
1382 2750 1483 2797 116,
1506 2749 1529 2786 2

157 2808 238 2847 269
270 2810 312 2855 Q.
335 2809 417 2847 Sen.
439 2811 544 2859 epist.
567 2809 635 2855 47,
657 2809 681 2845 3
775 2808 856 2845 270
888 2808 930 2853 Q.
953 2808 1014 2856 qui
1034 2819 1104 2844 scr.
1126 2807 1230 2844 Omn.
1254 2807 1327 2843 sibi
1345 2809 1412 2855 qui
1422 2822 1431 2845 .-
1460 2806 1543 2842 Sen.
1564 2807 1669 2855 epist.

156 2864 233 2911 37,
254 2865 280 2902 4
308 2864 463 2903 ‘Rationi
493 2871 528 2903 te
556 2864 699 2912 subice,
728 2866 758 2901 si
786 2865 837 2901 vis
865 2865 983 2901 omnia
1013 2863 1183 2901 vincere?
1314 2862 1390 2900 271
1426 2862 1491 2898 Gn.
1516 2862 1597 2899 Sen.
1626 2862 1671 2898 «le

155 2920 256 2957 clem.
281 2921 318 2967 1,
340 2921 379 2968 2,
401 2921 424 2958 2
541 2921 620 2959 272
657 2922 695 2958 F.
718 2921 769 2957 Cf.
793 2932 900 2969 supi-a
922 2932 982 2970 pg.
1006 2919 1072 2965 94,
1095 2919 1147 2956 27

224 2990 391 3016 Pontum·
409 2990 428 3016 S
431 2997 515 3016 vvvvv
1378 2988 1398 3014 9
